1695 2931
835 107 888 147 20

173 225 273 264 quae
298 212 543 263 antecedunt,
570 211 778 252 enunciata
805 210 1011 252 adduntur.
1065 212 1274 253 Praeterea
1300 217 1430 254 autem
1455 214 1554 255 haec

169 279 259 331 ipsa
285 278 361 319 duo
389 277 597 318 enunciata
622 276 816 317 sententia
842 277 899 316 ita
924 280 1015 317 sunt
1051 277 1277 330 conjuncta,
1316 282 1360 319 ut
1385 280 1553 331 particu-

170 343 295 383 larum
315 344 356 381 τέ
372 367 391 370 ·
407 343 447 380 τέ
473 342 764 394 responsionem
790 353 916 393 paene
943 345 1203 393 expectemus.
1253 344 1354 383 Nam
1370 343 1469 384 haec
1495 348 1555 386 est

169 408 373 448 verborum
399 407 613 447 sententia:
640 406 682 446 id
708 406 765 445 eis
791 406 938 446 auxilio
966 409 1050 446 erat
1074 407 1237 458 primum
1264 408 1368 458 quod
1392 431 1445 439 —
1471 413 1552 450 tum

170 473 276 525 quod
301 473 406 513 mala
433 485 571 524 passus
598 484 701 522 sum3
736 471 777 511 id
813 472 939 523 ipsum
974 484 1066 512 vero
1104 473 1274 524 corporis
1312 474 1457 514 malum
1482 475 1552 515 du-

169 539 261 592 plici
287 538 402 579 modo
429 539 486 579 eis
506 537 721 590 jucundum
749 541 844 589 erat,
872 537 1037 589 primum
1064 538 1157 589 quia
1184 537 1353 579 futurum
1379 544 1483 581 esset
1508 545 1551 582 ut

170 606 286 646 amici
325 605 541 657 paratiores
583 607 713 644 essent
736 607 871 643 contra
895 615 956 643 me
984 603 1113 644 dicere
1153 604 1217 656 (cf.
1242 606 1364 645 verba
1390 605 1457 644 διὰ
1484 608 1551 658 τὴν

167 673 235 710 τοῦ
269 673 446 720 σώματος
482 668 796 720 κακοπάθειαν),
834 673 915 708 tum
952 669 1044 720 quia
1082 673 1121 708 et
1147 669 1232 721 ipse
1258 674 1298 710 et
1323 674 1405 711 tota
1439 671 1550 712 fami-

166 737 222 776 lia
249 736 481 776 contumelia
507 735 693 774 afficerer.
759 734 897 784 Itaque
926 733 1001 773 duo
1029 737 1179 774 tantum
1206 739 1436 785 argumenta
1463 748 1549 777 csse

168 802 396 842 sumendum
423 805 501 848 est,
541 799 612 839 sed
637 799 714 850 ita,
748 803 790 837 ut
816 799 979 838 alterum
1006 802 1044 838 et
1070 799 1196 851 ipsum
1222 800 1263 839 in
1291 800 1390 840 duas
1416 805 1548 853 partes

167 869 218 908 sit
244 867 421 908 divisum.
483 865 718 916 Simpliciter
754 864 872 914 igitur
905 863 1104 915 Antiphon
1143 865 1381 915 scripsisset:
1417 866 1548 905 ἔπειτα

166 935 217 983 τῷ
245 933 492 970 κακοπαθεῖν
518 931 569 981 τῷ
598 930 745 979 σώματι
771 928 858 972 τούς
883 942 921 965 τε
948 928 1086 978 φίλους
1119 929 1219 977 ἔχειν
1247 953 1299 959 -
1325 930 1477 975 ὄνειδός
1510 945 1548 969 τε

166 999 235 1047 ἐμέ
255 1012 292 1035 τε
319 997 418 1046 ἔχειν
444 997 508 1034 καί
535 1007 618 1045 sqq.
684 993 761 1034 Sed
789 1006 876 1033 cum
903 994 944 1033 in
981 994 1093 1034 initio
1121 995 1317 1035 cnunciati
1344 997 1547 1037 verborum

165 1076 308 1104 nexum
334 1076 412 1103 non
438 1062 650 1111 indicaret,
678 1073 726 1100 ea
751 1072 814 1111 rc,
849 1059 951 1110 quod
979 1060 1051 1100 sub
1077 1060 1194 1101 finem
1220 1062 1361 1112 prioris
1387 1063 1548 1103 membri

166 1129 319 1168 addidit
344 1127 411 1165 διὰ
439 1128 504 1178 τὴν
530 1129 597 1164 τόυ
625 1126 800 1174 σώματος
835 1124 1134 1171 κακοπάθειαν,
1171 1126 1383 1177 simplicem
1410 1129 1546 1169 verbo.

163 1208 249 1235 rum
277 1192 599 1234 constructionem
626 1190 792 1242 reliquit,
819 1193 857 1230 et
883 1203 952 1241 pro
971 1191 1171 1241 particulis
1185 1192 1316 1229 τέ-τέ
1330 1193 1544 1245 conjunctis

164 1261 225 1300 bis
253 1260 375 1300 solam
400 1257 632 1309 particulam
659 1258 698 1293 τέ
731 1256 870 1308 posuit.
936 1256 1073 1306 Itaque
1113 1256 1162 1296 de
1202 1258 1434 1307 glossemate
1471 1259 1545 1299 hoc

163 1326 250 1366 loco
277 1323 440 1375 cogitari
466 1335 544 1363 non
571 1325 710 1373 potest,
738 1321 841 1371 quod
863 1320 975 1371 jubet
985 1321 1207 1372 Briglebius
1235 1322 1276 1374 (l.
1303 1336 1334 1363 c.
1357 1337 1393 1374 p.
1407 1325 1443 1363 7.
1470 1325 1543 1376 sq.)

269 1389 396 1440 Major
442 1388 607 1427 fortasse
653 1385 863 1425 difficultas
906 1390 965 1425 est
999 1386 1041 1426 in
1078 1387 1209 1427 verbis
1248 1388 1294 1439 V,
1321 1388 1369 1428 51
1413 1390 1543 1428 ἔπειτα

166 1455 210 1493 δὲ
260 1456 326 1492 καὶ
380 1453 423 1491 ἐκ
473 1453 548 1490 τῶν
589 1451 718 1497 λόγων
757 1451 833 1488 τῶν
871 1451 938 1488 τοῦ
978 1450 1198 1503 α’νθρώπου
1236 1454 1343 1503 μερὶς
1377 1452 1542 1507 ἑκατέρῳ

163 1522 225 1572 ἴση
261 1520 355 1565 ἔστί,
404 1517 546 1562 τούτοις
585 1519 657 1566 μὲν
692 1515 732 1554 τὸ
771 1515 956 1565 φάσκειν,
998 1517 1083 1565 ἐμοὶ
1123 1516 1166 1554 δὲ
1205 1516 1246 1556 τὸ
1285 1518 1338 1569 μὴ
1366 1520 1541 1569 φάσκειν,

163 1587 208 1625 ἔκ
260 1600 297 1624 τε
351 1585 504 1636 ἀμφοῖν
555 1588 636 1620 τοῖν
682 1580 846 1632 ἀνδροῖν
897 1587 978 1619 τοῖν
1029 1583 1364 1631 βασανισθέντων.
1442 1586 1543 1627 Nam

162 1652 270 1693 haud
304 1656 448 1692 temere
484 1649 667 1689 Reiskius
703 1648 755 1687 ad
799 1647 897 1687 haec
939 1649 1059 1688 verba
1106 1648 1159 1700 (p.
1201 1649 1295 1701 720)
1339 1651 1542 1692 adnotavit

165 1718 308 1771 „verba
351 1716 450 1756 haec
494 1727 579 1754 cum
620 1713 873 1764 circumjectis
920 1713 1152 1753 sententiam
1187 1726 1343 1765 prorsus
1377 1716 1540 1757 eandem

160 1783 329 1835 produnt
356 1785 472 1831 atque
499 1780 604 1831 prius
632 1778 878 1818 membrum.“
948 1779 1077 1819 Antea
1114 1780 1216 1819 enim
1253 1785 1456 1821 accusatus
1484 1782 1540 1821 di-

160 1852 289 1888 xerat:
325 1852 497 1884 σκοπεῖτε
533 1844 576 1881 δὲ
617 1841 648 1880 ὦ
679 1843 818 1893 ἄνδρες
845 1845 911 1880 καὶ
937 1844 980 1882 ἐκ
1006 1851 1088 1883 τοῖν
1114 1844 1246 1893 λόγοιν
1271 1851 1353 1884 τοῖν
1377 1844 1541 1895 ἀνδροῖν

158 1911 354 1962 ἑκατέροιν
389 1909 716 1958 βασανισθέντων
741 1910 782 1945 τὸ
811 1906 964 1944 δίκαιον
989 1909 1054 1945 καὶ
1081 1908 1122 1946 τὸ
1149 1908 1263 1953 εἰκός.
1326 1907 1347 1947 ὃ
1366 1911 1438 1959 μὲν
1463 1910 1538 1961 γὰρ

160 1975 302 2020 δοῦλος
329 1974 401 2013 δύο
428 1974 532 2021 λόγω
560 1973 680 2020 ἔλεγε·
708 1975 789 2010 τοτὲ
815 1974 888 2021 μὲν
914 1972 989 2023 ἔφη
1016 1987 1064 2021 με
1090 1974 1302 2024 εἰργάσθαι
1338 1977 1379 2012 τδ
1415 1975 1538 2025 ἔργον,

160 2043 240 2080 τοτὲ
269 2040 312 2078 δὲ
338 2038 409 2078 οὐκ
437 2038 522 2089 ἔφη.
552 2036 572 2076 ὃ
602 2036 645 2075 δὲ
672 2036 879 2087 ἐλεύθερος
905 2037 1059 2077 οὐδέπω
1087 2041 1158 2078 νῦν
1182 2040 1306 2091 εἴρηκε
1332 2042 1418 2091 περὶ
1445 2040 1541 2090 ἐμοῦ

159 2107 340 2158 φλαῦρον
365 2103 491 2150 οὐδέν,
534 2105 576 2156 τῇ
604 2102 700 2155 αὐτῇ
726 2103 887 2155 βασάνῳ
912 2104 1225 2153 βασανιζόμενος.
1279 2107 1341 2144 Ex
1368 2106 1429 2146 his
1455 2118 1539 2145 ver-

157 2172 219 2211 bis
245 2169 449 2223 perspicue
476 2167 716 2218 intelligitur,
736 2179 892 2217 prorsus
919 2180 997 2206 non
1023 2180 1189 2218 aequam
1214 2173 1363 2220 partem
1390 2182 1439 2208 ex
1453 2182 1538 2209 ver-

156 2237 218 2276 bis
256 2235 416 2275 duorum
456 2233 632 2282 virorumj
669 2232 820 2281 utrique
856 2233 1049 2272 obvenire.
1120 2235 1222 2274 Nam
1259 2239 1297 2274 et
1330 2246 1465 2275 servus
1501 2238 1539 2274 et

156 2301 270 2340 homo
297 2300 396 2339 liber
422 2297 592 2337 nondum
618 2297 817 2337 tormentis
856 2297 1084 2347 interrogati
1120 2304 1345 2339 accusatum
1379 2300 1537 2338 crimine

156 2366 364 2415 solverant,
388 2363 590 2403 tormentis
615 2375 708 2402 vero
735 2362 966 2412 interrogati
991 2375 1124 2403 servus
1144 2369 1277 2404 contra
1297 2377 1396 2416 eum,
1423 2365 1536 2404 homo
1607 2395 1613 2401 .

154 2430 254 2469 liber
280 2442 349 2481 pro
377 2441 423 2467 eo
452 2428 623 2477 dixerat3
664 2427 795 2476 itaque
833 2431 1017 2467 accusato
1045 2431 1123 2467 tres
1150 2434 1292 2480 partes,
1319 2429 1537 2469 accusatori

157 2507 235 2534 una
261 2507 352 2545 pars
379 2494 546 2533 obvenit.
613 2493 757 2532 Contra
796 2492 897 2530 hanc
923 2496 1053 2531 autem
1080 2495 1311 2533 sententiam
1335 2495 1457 2534 verba
1493 2493 1536 2531 ἔκ

154 2574 192 2599 τε
219 2557 371 2611 α’μφοῖν
396 2565 477 2598 τοῖν
506 2557 669 2608 άνδροῖν
695 2564 777 2597 τοῖν
802 2559 1127 2607 βασανισθέντων
1154 2560 1317 2612 (scilicet
1344 2560 1405 2611 ἰ’ση
1430 2560 1536 2608 μερὶς

153 2625 319 2678 ἑκατέρῳ
346 2624 439 2678 ἐστί)
467 2637 644 2676 puguare
671 2625 861 2676 videntur,
889 2637 1004 2675 quam
1030 2625 1081 2664 ob
1106 2637 1187 2665 rem
1208 2626 1392 2666 Reiskius
1421 2625 1534 2664 dicit:
