1695 2931
841 117 896 158 44

174 219 222 258 ὄν
255 234 299 267 γε
331 219 521 267 ἀκουσίως
560 220 777 271 ἒπείταξενς
817 223 887 262 sed
925 221 1133 274 legendum
1171 226 1231 263 est
1268 221 1312 268 ἇς
1348 235 1412 271 γε,
1453 221 1557 274 quod

173 285 354 326 viderunt
380 288 576 338 Sauppius
610 291 649 327 et
684 288 892 327 Frankius.
958 286 1021 327 Ad
1054 288 1076 326 7
1117 288 1188 328 Est
1223 287 1264 327 in
1301 286 1411 327 codd.
1451 286 1557 325 daw-

174 349 301 395 δύνως
335 365 371 389 ιε
406 349 515 396 οὗτός
541 366 583 399 γε
608 351 763 401 μέλλων
794 358 1019 403 μαρτυρεῖν,
1058 365 1159 403 quae
1197 353 1317 393 verba
1352 352 1394 392 in
1425 352 1554 404 capite

173 417 297 469 primo
335 430 426 470 pag.
467 420 511 457 11
553 419 826 468 tractavimus;
879 418 1123 458 scribendum
1165 423 1224 459 est
1260 417 1474 463 ἀκινδύνως
1512 417 1556 457 δὲ

173 481 287 527 οὗτός
309 497 347 521 τε
371 495 454 534 sqq.
507 485 566 532 Ββ
585 486 609 524 6
637 485 812 524 Habetur
837 484 879 524 in
908 484 1018 525 codd.
1054 483 1238 523 α’κουσίου
1268 484 1312 522 δὲ
1335 486 1403 522 τοῦ
1430 477 1557 535 φόνου

174 548 217 593 ἐξ
251 548 404 599 οἷμφοτν
439 547 530 598 ὑμῖν
570 549 883 599 ὁμολογουμένου
921 551 1127 597 γενέσθαι,
1167 550 1209 588 en
1249 551 1314 601 τῆς
1353 548 1557 600 ἁμαρτίας,

173 611 363 663 ὁποτέρου
385 612 512 654 αὐτῶν
525 615 638 660 ἐστίν,
665 615 717 654 ἔτι
733 615 776 654 δὲ
793 617 1030 667 σαφέστερον
1045 617 1098 654 ἄν
1124 614 1146 654 ὁ
1174 615 1317 666 φονεύς
1341 614 1557 667 §aeneam

174 679 243 719 sed
278 680 421 731 optime
455 681 619 720 mutavit
644 681 840 733 Sauppins
875 682 1104 732 particulam
1141 680 1186 719 δέ
1221 684 1308 732 post
1342 680 1417 731 ἔτι,
1458 692 1557 731 quae

173 745 266 784 ferri
292 745 398 785 nullo
434 745 549 785 modo
584 750 730 797 potest,
766 746 806 785 in
845 748 897 793 γέ.
951 746 1011 786 Βδ
1037 748 1061 786 8
1096 747 1206 787 Unus
1241 746 1363 786 codex
1390 746 1436 786 N,
1470 757 1558 786 con·

169 808 329 861 ¹junctas
356 809 475 849 habet
499 811 711 861 particulas
736 813 779 858 γὲ
807 810 857 862 δή
884 812 932 851 cf.
959 824 995 863 p.
1021 812 1085 851 40.

278 874 443 915 Codices
485 877 518 914 A
565 879 603 915 et
636 877 672 915 N
713 876 945 927 particulam
985 878 1030 923 γέ
1066 876 1256 927 singulari
1294 875 1409 915 modo
1448 886 1557 915 usur-

174 944 306 991 patam
340 941 530 991 praebent
555 941 587 992 I,
616 942 663 980 6:
702 943 768 978 καὶ
802 943 912 981 τοῦτό
946 943 979 988 γ’
1006 943 1087 991 ἐρεῖ
1118 940 1170 986 ὥς
1204 940 1248 980 εὖ
1281 939 1386 979 οἶδεν
1428 939 1485 977 ὅτι
1523 941 1557 986 γ’

130 1001 133 1002 ’
173 1003 241 1045 οὖκ
286 1004 509 1044 ἀπέκτεινεν
552 1005 574 1057 ἠ
611 1009 755 1058 μήτηρ,
797 1019 884 1047 cnm
925 1007 1041 1047 ceteri
1078 1006 1231 1054 codices
1267 1006 1431 1046 alteram
1469 1017 1556 1058 par-

173 1071 331 1110 ticulam
368 1072 413 1118 γέ
448 1072 638 1111 omittant.
708 1073 952 1113 Maetznerus
990 1074 1146 1123 quidem
1184 1076 1222 1112 et
1255 1072 1430 1112 Blassius
1468 1083 1557 1111 eam

172 1140 402 1188 receperunt
427 1140 465 1176 et
480 1137 677 1178 Frankius
704 1137 879 1178 defendit
905 1138 971 1190 (cf.
989 1139 1097 1179 Neue
1118 1137 1327 1190 jarbucher
1352 1136 1416 1177 fur
1434 1136 1557 1189 philo-

172 1202 278 1252 logie
303 1202 382 1241 und
399 1202 651 1253 paedagogik
672 1204 775 1243 1840
801 1217 837 1254 p.
865 1205 945 1254 56),
973 1216 1205 1253 quamquam
1229 1215 1277 1242 ne
1304 1215 1380 1242 uno
1401 1202 1555 1252 quidem

173 1267 258 1306 loco
285 1267 537 1319 antiphonteo
564 1268 668 1308 hunc
693 1269 908 1321 particulae
943 1281 1053 1309 usum
1089 1268 1315 1308 confirmare
1341 1270 1558 1320 potuerunt.

278 1333 487 1372 Praeterea
525 1333 677 1373 codices
716 1335 817 1373 inter
843 1347 886 1373 se
923 1334 1145 1385 discrepant
1170 1334 1202 1384 1,
1228 1334 1300 1384 21,
1340 1345 1426 1372 cum
1453 1333 1494 1372 in
1520 1334 1556 1373 N

173 1398 244 1438 sit:
282 1397 358 1445 ἐγώ
384 1399 457 1448 μέν
480 1412 524 1445 γε
551 1401 605 1450 τῷ
632 1400 817 1437 τεθνεῶτι
847 1397 950 1449 ὑμᾶς
976 1398 1118 1439 κελεύω
1145 1397 1331 1448 τιμωροὺς
1355 1398 1554 1446 γενέσθαι,

174 1462 214 1503 in
243 1463 380 1503 ceteris
410 1467 539 1503 autem
577 1463 706 1504 codd.:
746 1463 820 1511 ἐγώ
851 1465 990 1512 μέντοι.
1045 1464 1308 1515 Maetznerus,
1349 1463 1556 1514 Frankius,

174 1527 350 1568 Blassius
386 1528 529 1568 codicis
556 1529 593 1568 N
631 1528 835 1568 lectionem
868 1529 1146 1579 laudaverunt,
1185 1528 1435 1580 Turicenses,
1474 1527 1557 1568 vul·

174 1595 307 1642 gatam
348 1593 491 1642 secuti,
541 1593 777 1644 scripserunt
815 1593 889 1640 ἐγώ
917 1595 1000 1642 μέν.
1053 1594 1131 1634 Sed
1157 1593 1232 1635 hoc
1275 1592 1430 1643 quidem
1469 1594 1555 1634 loco

174 1655 333 1695 dubium
369 1668 470 1711 esse*
491 1669 568 1697 non
601 1661 729 1708 potest
764 1669 883 1709 penes
911 1669 1007 1708 quos
1033 1658 1178 1699 veritas
1203 1658 1274 1708 sit3
1310 1670 1401 1697 nam
1428 1657 1557 1709 facile,

172 1721 214 1760 ni
237 1720 364 1768 fallor,
392 1721 677 1772 demonstrabo,
703 1722 908 1762 lectionem
921 1722 996 1769 ἐγώ
1019 1724 1093 1771 μέν
1112 1736 1154 1768 γε
1179 1724 1231 1774 τῷ
1245 1722 1341 1762 nihil
1368 1733 1454 1762 esse
1479 1722 1556 1762 nisi

173 1786 277 1825 docti
312 1786 513 1825 cuiusdam
553 1787 720 1826 hominis
760 1787 1029 1838 conjecturam.
1095 1788 1249 1827 Etenim
1286 1787 1321 1827 si
1356 1786 1555 1838 Antiphon

172 1851 389 1903 scripsisset
415 1851 490 1898 ἐγώ
508 1852 581 1901 μέν
606 1865 648 1899 γε
675 1864 752 1892 non
780 1852 1082 1904 intelligeretur,
1120 1853 1311 1904 quomodo
1340 1855 1554 1893 ceterorum

172 1916 345 1956 codicum
373 1916 604 1967 depravatio
631 1918 760 1963 μέντοι
788 1918 879 1957 oriri
907 1918 1117 1969 potuissett,
1154 1930 1244 1957 nam
1271 1917 1486 1969 particulae
1511 1917 1556 1965 γέ

173 1985 212 2021 et
236 1982 306 2032 τοί,
344 1980 447 2032 quod
474 1982 614 2021 attinet
649 1981 701 2020 ad
728 1982 979 2034 scripturam,
1014 1982 1173 2022 multum
1201 1982 1357 2023 distant.
1409 1982 1556 2022 Contra

173 2047 316 2098 optime
342 2047 610 2097 intelligimus,
637 2047 739 2086 unde
766 2048 824 2084 τοί
851 2052 985 2086 natum
1008 2048 1070 2098 sit,
1097 2048 1130 2086 si
1158 2060 1204 2086 ex
1223 2047 1358 2087 horum
1385 2048 1556 2098 ipsorum

172 2110 346 2151 codicum
373 2110 539 2150 lectione
566 2110 850 2161 proficiscimur.
903 2111 1004 2150 Nam
1031 2114 1112 2149 tum
1138 2110 1334 2162 videmus,
1374 2112 1431 2149 τοί
1457 2110 1556 2151 nihil

173 2171 259 2218 esse
286 2177 361 2217 nisi
390 2176 696 2227 dittographiam
732 2177 1010 2227 antiquissimis
1038 2178 1272 2229 temporibus
1309 2182 1442 2218 natam
1469 2178 1494 2217 i.
1521 2190 1554 2218 e.

171 2245 262 2282 ante
288 2253 434 2282 annum
453 2241 874 2293 quadringentesimum
895 2245 1071 2293 quartum
1100 2255 1136 2282 a.
1151 2242 1240 2283 Chr.
1267 2255 1322 2292 n.;
1349 2255 1440 2283 nam
1461 2246 1554 2283 ante

175 2307 376 2348 Euclidem
411 2307 637 2347 archontem
672 2307 827 2346 dativus
859 2307 1012 2347 articuli
1038 2308 1276 2348 scribebatur
1301 2309 1411 2358 TOI,
1453 2320 1554 2359 quae

172 2384 250 2412 vox
278 2372 339 2411 bis
375 2372 505 2423 posita
541 2371 694 2411 illorum
724 2370 898 2411 codicum
935 2371 1138 2412 lectionem
1170 2373 1300 2420 μέντοι
1336 2374 1386 2423 τῷ·
1423 2372 1543 2413 efficit

171 2438 334 2490 Scripsit
373 2437 493 2489 igitur
519 2436 718 2489 Antiphon
754 2437 979 2489 simpliciter
1012 2437 1087 2485 ἐγώ
1121 2439 1193 2487 μὲν
1227 2439 1302 2489 τῷ,
1345 2441 1426 2478 tum
1461 2450 1553 2479 vero

172 2503 439 2553 dittographia
478 2502 591 2541 lectio
624 2501 698 2548 ἐγώ
729 2503 858 2549 μέντοι
892 2504 944 2552 τῷ
979 2507 1063 2541 orta
1099 2506 1179 2552 est,
1220 2514 1336 2552 quam
1363 2514 1449 2542 cum
1475 2514 1554 2542 non

172 2567 407 2618 intelligeret
434 2567 577 2607 codicis
604 2567 640 2607 N
668 2569 803 2606 auctor
830 2567 995 2607 mutavit
1021 2567 1062 2607 in
1088 2567 1162 2615 ἐγώ
1189 2567 1262 2617 μέν
1287 2581 1329 2614 γε
1354 2566 1420 2619 τῷ.

277 2631 366 2671 ΑΙίο
408 2636 537 2671 autem
585 2631 669 2672 loco
722 2643 833 2672 nemo
879 2632 1024 2672 codicis
1058 2633 1094 2672 N
1140 2632 1343 2673 lectionem
1395 2630 1554 2672 defendi
