1695 2931
783 103 833 144 13

118 208 322 253 delendam
347 213 417 251 aut
441 208 666 250 mutandam
698 220 783 249 esse
816 208 1020 260 sumimus,
1057 207 1134 249 duo
1160 210 1309 248 tantum
1334 204 1488 247 tetralo-

116 277 270 329 giarum
294 276 370 317 loci
397 279 564 327 restant,
601 274 666 326 qui
700 274 928 327 particulam
953 275 993 312 τέ
1018 274 1137 314 semel
1171 274 1337 327 positam
1375 283 1487 324 prae-

112 345 216 384 bent.
269 342 349 383 Sed
376 343 417 382 hi
443 353 594 392 quoque
609 341 739 381 statim
752 341 1006 392 suspicionem
1025 345 1190 392 movent,
1216 352 1302 379 cum
1328 339 1369 378 hi
1394 351 1488 389 quo-

117 419 192 459 que
229 407 536 448 enumerationes
571 394 794 446 contineant
818 406 880 454 Αβ
909 406 956 444 12
992 405 1059 455 ἐμὲ
1096 404 1139 443 δὲ
1181 405 1377 452 γνώσεσθε
1402 404 1490 442 οὔτε

113 494 165 502 -
202 472 288 511 οὔτε
313 494 366 501 -
401 471 503 511 ἀλλὰ
539 472 584 510 τοὶ
611 470 767 510 ἐναντία
793 469 954 517 τούτων,
990 470 1139 516 πολλὰς
1162 473 1235 521 μὲν
1260 494 1312 500 -
1337 469 1486 515 πολλᾶς

113 536 157 575 δὲ
184 558 235 566 —
261 536 448 587 λαμπρῶς
475 536 519 574 δὲ
554 558 605 564 -
641 534 799 579 πολλοῖς
825 534 869 572 δὲ
888 527 891 531 ’
911 557 959 563 -
997 535 1171 584 μεγάλας
1197 535 1241 573 δὲ
1268 558 1321 564 -
1345 535 1412 587 τήν
1437 548 1485 573 τε

112 602 187 654 (sic
221 602 390 655 codices)
424 601 561 642 οὐσίαν
594 600 642 642 οὗ
676 600 928 650 δικαζόμενον
953 599 1039 639 ἀλλ’
1076 599 1330 651 ἐργαζόμενον
1354 615 1484 652 κεκτη-

111 668 248 719 μένον,
276 667 494 720 φιλοθύτην
519 667 563 706 δὲ
600 671 666 705 καὶ
691 667 855 717 νόμιμον
880 666 984 706 ὄντα.
1038 666 1169 718 Usque
1195 666 1248 707 ad
1274 667 1484 707 membrum

111 733 182 784 τήν
207 746 246 772 τε
271 731 410 772 οὐσίαν
437 745 526 774 reus
553 732 729 784 exponit,
771 731 960 782 quomodo
986 732 1151 783 pecunia
1178 736 1318 784 utatur,
1343 733 1403 773 his
1427 733 1486 784 ip·

111 798 166 839 sis
192 810 285 840 vero
311 799 441 839 verbis
466 798 519 839 ad
542 798 660 851 plane
686 798 805 838 aliam
830 810 912 838 rem
938 797 1100 849 transit3
1127 798 1221 838 dicit
1246 799 1367 849 enim,
1393 811 1485 849 quo·

112 864 227 906 modo
253 865 458 918 pecuniam
484 864 721 916 aquisiverit.
786 863 922 915 Itaque
956 865 991 904 si
1026 864 1199 905 codicum
1236 864 1349 905 lectio
1388 876 1483 905 vera

113 935 227 984 esset,
253 931 445 984 particula
478 931 518 970 τέ
543 930 660 983 plane
686 930 778 971 novi
802 929 950 982 aliquid
975 930 1234 983 superioribus
1260 930 1389 971 verbis
1414 929 1485 971 ad-

112 997 234 1038 ditum
259 1001 381 1046 esset,
427 996 530 1048 quod
562 1000 696 1037 contra
721 996 845 1048 ipsam
870 996 1083 1049 particulae
1110 1001 1287 1036 naturam
1312 1000 1483 1048 pugnat3

112 1050 203 1104 nain
230 1063 421 1114 particula
445 1063 485 1100 τέ
510 1062 846 1113 aequabilitatem,
871 1062 1059 1113 particula
1086 1061 1132 1100 δέ
1156 1066 1286 1102 autem
1311 1061 1483 1101 multitu-

112 1127 241 1168 dinem
266 1140 392 1168 rcrum
416 1127 621 1179 significat.
680 1127 785 1178 Ergo
811 1127 926 1166 etiam
951 1126 1023 1167 hoc
1049 1127 1134 1167 loco
1159 1127 1350 1179 particula
1375 1127 1415 1165 τέ
1440 1126 1482 1166 in

111 1193 158 1232 δέ
182 1193 367 1234 mutanda
392 1198 463 1234 est.
511 1194 672 1233 Restant
697 1193 816 1233 verba
852 1193 905 1229 Γα
929 1192 957 1231 4
981 1194 1034 1244 τῷ
1059 1194 1132 1241 μὲν
1158 1191 1406 1230 ἀποθανόντι
1433 1191 1481 1232 οὖ

111 1262 357 1311 τιμωροῦντες
384 1259 532 1305 δεινοὺς
570 1256 784 1310 ἀλιτηρίους
808 1259 944 1308 ἕξομεν
981 1258 1066 1304 τοὺς
1091 1260 1167 1297 τῶν
1192 1256 1482 1298 ἀποθανόντων

111 1329 436 1377 προπροπαῖους,
470 1326 556 1370 τοὺς
582 1324 625 1363 δὲ
651 1325 853 1374 καθαροὺς
878 1321 1022 1369 ἀδίκως
1048 1324 1331 1370 ἀποκτείνοντες
1357 1326 1483 1374 ἔνοχοι

111 1393 179 1431 τοῦ
188 1391 333 1443 ·φο’νου
358 1396 436 1436 τοῖς
460 1390 661 1440 ἐπιτιμίοις
685 1388 812 1440 ἐσμέν,
841 1386 942 1438 ν’μᾶς
969 1403 1007 1428 τε
1033 1389 1163 1439 ὄνομα
1190 1389 1292 1441 δρᾷν
1318 1392 1483 1430 πείθον-

111 1471 169 1502 τες
195 1469 277 1508 sqq.
337 1455 587 1508 Respondent
621 1455 741 1506 igitur
767 1467 816 1495 ex
843 1454 1018 1495 codicum
1043 1455 1121 1496 fide
1146 1458 1197 1508 τῷ
1222 1459 1295 1505 μέν
1321 1480 1374 1486 -
1398 1458 1484 1502 τοὺς

111 1521 155 1561 δὲ
184 1545 231 1551 -
259 1520 358 1573 ὓμᾶς
383 1535 431 1561 τε.
498 1520 576 1563 Sed
612 1522 698 1572 quis
732 1532 811 1561 non
836 1519 962 1573 videt,
994 1521 1184 1572 quomodo
1211 1522 1284 1562 hoc
1310 1522 1393 1564 loco
1419 1535 1484 1564 ac·

110 1593 264 1629 cusator
299 1601 385 1629 eam
420 1587 651 1628 sententiam
686 1598 835 1627 summa
873 1587 913 1626 vi
947 1591 1063 1639 atque
1089 1588 1219 1628 multis
1245 1589 1374 1629 verbis
1399 1601 1484 1641 pre-

110 1658 202 1706 mat,
228 1654 353 1695 falsae
379 1653 635 1695 accusationis
661 1652 815 1704 culpam
841 1659 957 1703 atque
979 1653 1121 1693 malum
1146 1654 1286 1694 cadere
1310 1655 1352 1694 in
1376 1655 1483 1707 ipsos

110 1721 389 1761 accusatores?
454 1720 590 1771 Itaque
629 1719 705 1759 tria
730 1718 800 1758 illa
826 1718 938 1758 huius
964 1719 1160 1759 enunciati
1183 1720 1354 1761 membra
1381 1721 1483 1773 parti

109 1786 206 1827 culis
230 1787 303 1835 μέν
339 1808 368 1814 -
406 1785 452 1824 δέ
476 1808 527 1816 -
554 1784 600 1823 δέ
624 1784 867 1836 sejungenda
891 1789 992 1825 sunt.
1049 1786 1093 1826 Si
1118 1786 1224 1826 locus
1249 1787 1306 1826 ita
1331 1788 1484 1828 restitu-

108 1855 177 1892 tus*
198 1855 268 1903 est,
294 1851 436 1904 optime
462 1850 638 1902 congruit
664 1862 749 1890 cum
775 1850 843 1890 illo
870 1850 1118 1903 Antiphontis
1144 1851 1299 1892 dicendi
1325 1864 1481 1906 genere,

110 1917 159 1959 de
186 1929 262 1970 quo
289 1921 424 1970 postea
450 1915 642 1969 copiosius
668 1927 829 1967 agemus
857 1915 922 1968 (cf.
946 1929 984 1968 p.
1010 1916 1102 1968 30.).
1168 1918 1277 1967 Quae
1312 1930 1399 1959 cum
1424 1919 1482 1960 ita

108 1984 197 2034 sint,
223 1982 469 2024 statuendum
494 1985 572 2033 est,
612 1982 717 2022 nullo
755 1982 1047 2032 tetralogiarum
1072 1982 1157 2023 loco
1183 1984 1411 2034 particulam
1439 1985 1480 2023 τέ

108 2049 226 2091 semel
251 2049 417 2102 positam
441 2047 618 2089 inveniri.

217 2116 340 2155 Aliter
365 2127 428 2155 res
454 2126 497 2154 se
523 2114 640 2153 habet
664 2113 706 2152 in
733 2114 909 2154 oratione
932 2115 983 2165 1.,
1018 2114 1085 2154 ubi
1111 2115 1275 2165 legimus
1300 2116 1331 2165 Ι,
1358 2116 1410 2155 26
1436 2115 1480 2161 ὅς

108 2180 143 2228 γ’
180 2179 335 2219 ἐκπλεῖν
372 2178 528 2229 ἔμελλεν
561 2177 604 2217 ἐκ
643 2181 706 2229 τῆς
743 2180 813 2229 γῆς
849 2177 958 2230 τῆςδε
996 2181 1109 2229 παροί
1148 2193 1183 2218 τε
1221 2178 1335 2229 ἀνδρὶ
1361 2178 1479 2221 αὗτοῦ

111 2245 214 2298 φίλῳ
230 2243 405 2284 εἱστιᾶτο.
473 2245 570 2286 Cum
596 2244 657 2284 his
682 2244 810 2285 verbis
837 2245 1071 2285 conferenda
1096 2250 1185 2286 sunt
1209 2248 1233 2295 ξ
1262 2247 1311 2286 18
1337 2247 1478 2287 verba:

108 2309 130 2351 ὅ
157 2310 351 2350 &emmae
375 2324 414 2349 τε
438 2309 592 2360 μέλλων
627 2311 692 2346 καὶ
723 2309 815 2359 παρ’
851 2308 966 2360 ἀνδρὶ
997 2309 1133 2363 ἑταίρῳ
1168 2310 1345 2350 δειπνῶν.
1398 2312 1479 2353 Sed

109 2389 187 2417 non
212 2388 366 2427 vereor,
403 2388 453 2415 ne
479 2376 565 2426 quis
599 2375 795 2426 superiore
831 2375 915 2415 loco
942 2376 991 2416 de
1020 2377 1180 2416 veritate
1207 2375 1381 2416 codicum
1409 2378 1478 2418 du-

106 2442 202 2483 bitet
226 2445 342 2493 atque
375 2445 503 2494 putet,
546 2444 633 2493 post
666 2438 822 2478 ἐκπλεϊν
848 2441 1009 2482 alteram
1036 2441 1264 2494 particulam
1290 2444 1329 2481 τέ
1355 2443 1478 2495 negli-

107 2508 240 2559 gentia
266 2506 433 2558 quadam
459 2518 545 2546 esse
570 2507 774 2556 omissam3
801 2518 892 2546 nam
919 2511 960 2547 ut
985 2513 1122 2559 postea
1147 2509 1303 2559 saepius
1329 2508 1477 2549 videbi-

106 2584 192 2614 mus
218 2577 258 2613 et
296 2573 338 2613 in
364 2585 417 2612 or.
435 2572 463 2611 Ι.
491 2576 529 2611 et
554 2571 595 2611 in
623 2584 678 2613 or.
701 2572 746 2612 V.
773 2576 812 2611 et
837 2572 902 2612 VI.
928 2573 1125 2625 Antiphon
1151 2573 1297 2626 majore
1323 2574 1478 2616 dicendi

105 2639 293 2680 varietate
319 2650 410 2679 usus
437 2641 505 2678 est.
558 2637 661 2686 Quin
687 2638 805 2679 etiam
830 2650 879 2678 ea
911 2639 999 2691 ipsa
1024 2639 1262 2692 paragraphi
1288 2639 1478 2681 duodevi-
