1695 2931
826 126 878 167 ,16
913 96 936 140 C

154 228 391 281 βεβοήθηται
417 230 470 280 τῷ
496 243 534 267 ἰε
560 231 741 270 τεθνεῶτι
767 235 832 270 καὶ
858 235 911 285 τῷ
938 232 1068 287 νόμῳ,
1109 246 1197 275 011111
1222 248 1355 277 01111108
1381 234 1534 279 codices

152 295 383 347 particulam
416 296 455 332 τέ
489 295 686 348 omittant,
722 296 928 339 dicendum
963 304 1041 351 est,
1081 312 1313 352 quamquam
1348 302 1533 345 facillime

151 365 243 400 ante
270 362 450 399 τεθνεῶτι
476 375 512 398 τε
539 361 718 402 excidere
733 364 911 415 potuerit,
938 368 1069 405 tamen
1091 366 1236 406 nullam
1262 379 1347 408 esse
1373 381 1533 409 oausam

152 437 220 466 cur
255 426 340 466 sola
365 426 556 477 particula
582 428 649 465 καί
674 440 750 468 11011
777 428 958 470 sufficiat.
1012 430 1094 471 Imo
1121 432 1336 472 cavendum
1362 436 1441 481 est,
1482 446 1533 476 ne

152 495 341 543 putemus,
368 491 642 543 Antiphontem
659 493 837 534 omnibus
855 494 960 548 locis,
987 496 1126 547 quibus
1139 497 1239 538 bene
1251 499 1410 536 τέ-καί
1427 510 1534 539 usur·

152 570 247 609 pare
274 558 457 609 potuerit,
497 557 576 598 illis
614 559 813 610 particulis
854 572 939 601 esse
967 574 1089 603 usum.
1140 563 1242 604 Nam
1268 575 1316 604 ea
1341 564 1535 618 exempla,

151 636 251 674 quae
279 637 315 675 p.
345 624 394 663 15
421 624 556 675 attuli,
596 629 730 665 eontra
757 626 841 666 eius
867 628 972 668 modi
999 628 1187 669 rationem
1214 634 1390 681 pugnant
1416 634 1533 682 atque

151 690 436 739 demonstrant,
492 689 770 740 Antiphontem
818 691 859 731 in
904 692 978 733 hac
1025 693 1179 744 quidem
1226 695 1400 736 oratione
1451 708 1533 736 ma-

146 754 234 805 jore
260 755 301 793 in
327 754 456 793 verbis
494 754 777 806 conjungendis
812 757 1001 797 varietate
1028 770 1112 798 esse
1139 771 1260 800 usum.
1323 761 1533 801 Praeterea

150 824 280 859 autem
305 819 540 859 conferenda
567 823 658 859 sunt
682 820 769 872 ipsa
796 821 917 861 verba
942 825 967 872 ᾖ
994 824 1019 862 3
1046 825 1255 875 τιμωρῆσαι
1280 827 1434 874 πρῶτον
1459 826 1533 875 μὲν

149 892 227 929 τοῖς
253 884 373 933 νόμος
400 884 577 934 δεύτερον
603 884 639 922 δ’
666 885 799 937 ἐκείνῳ
824 889 877 939 τῷ
909 889 1109 939 τεθνηκότι
1136 893 1175 929 et
1201 893 1225 939 ξ
1253 891 1306 929 24
1330 892 1531 942 πμωρήσω

148 952 201 1002 τῷ
227 964 265 989 τε
292 951 409 1001 πατρὶ
435 951 487 1002 τῷ
513 947 680 1003 ἡμετέρῳ
707 953 773 989 καὶ
798 957 876 996 τοῖς
902 951 1047 1002 νόμοις.

253 1080 463 1119 Veniamus
490 1079 543 1119 ad
569 1080 731 1119 alteram
758 1080 870 1120 huius
897 1082 1035 1133 capitis
1069 1086 1229 1132 partem.
1295 1084 1422 1134 Atque
1449 1084 1526 1135 pri-

148 1158 251 1186 mum
278 1145 432 1197 quidem
459 1145 647 1197 particula
674 1145 767 1184 ὥστε
792 1150 833 1186 111
860 1148 1035 1188 oratione
1062 1148 1107 1188 V.
1134 1149 1277 1201 septies
1304 1149 1346 1202 (ἓ
1375 1150 1435 1202 14,
1464 1150 1528 1190 16.

150 1214 196 1252 17
229 1210 319 1265 [bis]
347 1212 417 1257 43,
444 1212 508 1262 48,
536 1211 604 1262 53)
631 1216 670 1251 et
694 1212 736 1251 in
772 1225 827 1252 or.
852 1213 918 1252 VI.
947 1214 1151 1265 quinquies
1178 1215 1218 1266 (ξ
1247 1216 1282 1262 2,
1308 1215 1346 1266 4,
1376 1216 1436 1266 10,
1463 1216 1528 1267 40,

145 1279 215 1330 44)
232 1278 438 1318 invenitur.
489 1277 708 1317 Formulam
735 1276 818 1316 οἷόν
842 1291 880 1316 w
901 1279 1002 1317 εἶναι
1028 1280 1069 1319 111
1096 1293 1151 1320 οι·.
1165 1280 1210 1320 V.
1228 1283 1365 1331 quater
1392 1282 1433 1333 (ξ
1460 1281 1526 1333 45,

148 1345 211 1395 53,
238 1344 302 1394 56,
329 1344 396 1394 81)
424 1346 463 1382 et
488 1343 530 1382 in
557 1343 690 1383 or.VI.
716 1343 861 1395 septies
888 1343 929 1396 (ξ
948 1345 985 1395 9,
1015 1346 1073 1393 15,
1099 1346 1163 1396 36,
1189 1346 1252 1397 37,
1279 1346 1340 1393 38,
1366 1344 1436 1397 42,
1456 1346 1525 1398 50)

148 1410 324 1460 legimus.

251 1473 470 1512 Particulae
496 1474 628 1511 τέ-τέ
653 1473 728 1513 81111
748 1473 982 1526 respondent
1007 1474 1053 1525 V,
1072 1475 1144 1525 843
1171 1475 1237 1526 VI,
1256 1475 1281 1515 5
1308 1474 1462 1526 (quibus
1476 1474 1526 1515 de

147 1539 276 1580 verbis
306 1538 354 1578 cf.
381 1551 416 1590 p.
442 1538 523 1590 40).
574 1538 734 1579 Praeter
760 1539 829 1579 1108
846 1538 942 1579 duos
973 1539 1079 1580 locos
1101 1540 1248 1580 nullum
1266 1539 1393 1581 habeo
1411 1552 1524 1592 quem

146 1604 287 1645 afferre
314 1604 469 1656 possim.

250 1670 447 1710 Particula
472 1670 531 1720 τέ,
572 1670 636 1709 cui
661 1669 786 1710 altera
811 1669 1001 1722 particula
1026 1671 1066 1709 τέ
1091 1683 1169 1711 11011
1195 1669 1422 1724 respondet,
1454 1670 1525 1712 sed

148 1737 342 1789 particula
370 1736 453 1776 οὔτε
479 1737 677 1775 antecedit
702 1736 897 1775 invenitur
924 1736 970 1787 V,
996 1737 1069 1788 243
1095 1737 1162 1788 VI,
1189 1737 1251 1776 36.

251 1804 305 1844 Ut
330 1803 371 1842 111
401 1815 455 1842 οι·.
479 1802 507 1841 I.
536 1802 600 1854 (cf.
626 1815 663 1854 p.
680 1802 745 1854 13)
773 1802 829 1842 ita
855 1802 896 1842 in
911 1802 955 1842 V.
982 1814 1133 1853 quoque
1159 1803 1348 1855 particula
1374 1803 1414 1841 τέ
1438 1802 1523 1843 sola

143 1869 270 1921 posita
296 1868 500 1907 invenitur.
564 1868 609 1918 V,
638 1869 686 1907 87
724 1862 875 1918 ἀνάγκη
911 1867 954 1905 δὲ
980 1871 1044 1919 τῆς
1070 1868 1175 1918 δίκης
1201 1870 1388 1906 νικᾶσθαι
1412 1868 1523 1918 παρὰ

143 1936 184 1973 τὸ
225 1932 387 1984 ἀληθές,
425 1933 546 1973 αὐτοῦ
582 1946 620 1971 τε
654 1935 721 1971 τοῦ
759 1931 949 1985 α’ληθοίνς.
1001 1934 1110 1974 Haec
1136 1934 1257 1974 verba
1283 1933 1335 1974 ad
1362 1934 1522 1974 verbum

142 2005 366 2052 repetuntur
391 2000 432 2038 in
459 2000 633 2039 oratione
660 1999 726 2050 VI,
753 2002 802 2050 5,
829 2000 905 2039 nisi
932 1999 1035 2050 quod
1061 2000 1129 2039 illo
1156 2000 1241 2039 1000
1265 2003 1353 2051 post
1378 2000 1441 2050 ιῆς
1466 2000 1523 2039 al-

143 2071 227 2107 tera
239 2066 429 2118 particula
454 2067 494 2103 τέ
521 2064 656 2105 addita
683 2068 754 2116 est,
780 2068 823 2105 ut
848 2065 924 2106 sibi
936 2064 1195 2117 respondeant
1220 2066 1361 2105 τέ-τέ.
1414 2065 1524 2113 Quae
1575 2115 1577 2117 ,

142 2145 229 2173 011111
255 2133 312 2171 ita
337 2132 415 2171 sint
453 2131 625 2171 homines
658 2130 762 2171 docti
788 2131 1038 2178 dissentiunt,
1075 2134 1204 2171 utrum
1237 2130 1412 2171 codicum
1445 2131 1521 2171 lec-

140 2199 265 2239 tiones
292 2196 508 2238 servandae
535 2197 633 2248 sint,
666 2208 719 2236 an
745 2196 786 2236 in
812 2209 867 2237 or.
892 2196 938 2238 V.
964 2196 1155 2249 particula
1181 2196 1221 2234 ἰέ
1247 2194 1440 2248 addenda,
1467 2208 1520 2237 an

141 2264 308 2314 denique
334 2263 375 2302 in
402 2275 457 2303 or.
482 2263 547 2301 VI.
585 2262 689 2313 prior
715 2262 906 2313 particula
931 2264 972 2301 τέ
998 2261 1166 2302 delenda
1197 2262 1258 2302 sit.
1323 2262 1519 2314 Sauppius

139 2331 181 2370 in
208 2329 378 2370 editione
405 2340 477 2368 sua
503 2327 679 2368 codicum
705 2327 888 2368 lectiones
915 2327 1097 2379 servavit,
1123 2327 1299 2368 Blassius
1325 2328 1365 2367 in
1393 2340 1447 2368 or.
1473 2327 1520 2368 V.

140 2395 292 2437 addidit
317 2396 368 2446 τέ,
395 2394 628 2446 Spengelius
655 2392 722 2446 (cf.
748 2407 796 2434 m.
824 2394 881 2433 rh.
911 2394 957 2434 17
988 2407 1025 2445 p.
1053 2393 1145 2446 167)
1172 2393 1339 2444 priorem
1366 2392 1517 2444 (or.VI)

139 2461 369 2513 particulam
395 2461 435 2497 τέ
472 2460 512 2498 111
548 2459 828 2498 dubitationem
867 2459 1031 2499 vocavit.
1100 2459 1236 2509 Itaque
1266 2470 1408 2511 operae
1434 2469 1519 2509 pre·

138 2528 232 2567 tium
261 2538 345 2567 esse
362 2530 467 2578 puto,
493 2525 710 2565 accuratius
724 2525 772 2565 de
799 2525 860 2565 his
874 2524 1024 2565 duobus
1050 2524 1146 2565 locis
1159 2537 1289 2575 agere.
1313 2524 1437 2565 -Gum
1451 2535 1518 2563 au-

137 2596 214 2633 tem
241 2595 443 2643 praeterea
468 2581 548 2630 ali'a
568 2602 718 2642 quoque
731 2591 863 2642 verba,
891 2603 991 2642 quae
1008 2591 1242 2633 antecedunt
1267 2590 1328 2631 vel
1354 2600 1518 2640 sequun-

137 2663 209 2711 tur,
237 2657 289 2698 ad
314 2658 471 2698 verbum
499 2657 580 2698 fere
606 2661 841 2710 repetantur,
868 2657 966 2698 haee
983 2658 1113 2698 omnia
1132 2655 1393 2709 comparanda
1419 2657 1520 2696 sunt.
