1695 2931
819 115 871 153 23

258 215 457 267 Frequens
483 215 617 255 harum
639 216 855 256 orationum
882 228 973 257 usus
1000 220 1070 268 est,
1097 218 1140 256 ut
1161 216 1263 256 inter
1289 227 1337 255 ea
1349 215 1534 267 membra,

154 293 255 332 quae
294 280 493 332 particulis
532 282 573 317 τέ
589 302 634 309 -
648 283 715 317 καί
749 281 955 332 conjuncta
981 282 1076 332 sint,
1111 281 1169 332 id,
1205 281 1307 331 quod
1333 280 1387 320 ad
1412 281 1528 320 ambo

153 346 347 400 pertineat
376 344 545 385 medium
570 345 836 398 interpositum
862 347 930 399 sit,
970 360 1047 398 qua
1072 359 1114 387 re
1140 347 1343 387 verborum
1372 346 1525 387 concin-

152 410 255 449 nitas
281 409 339 447 ita
364 409 561 458 turbatur,
601 413 643 447 ut
668 409 832 448 alterum
857 411 1088 461 membrum,
1115 410 1216 460 quod
1242 411 1433 461 particula
1461 412 1530 447 καί

152 473 398 525 adjungitur,
437 476 632 523 tamquam
659 473 915 514 claudicantis
942 475 1110 525 speciem
1134 475 1331 526 praebeat.
1399 475 1524 515 Huius

152 537 306 588 generis
347 537 526 588 exempla
552 537 727 577 invenies
752 538 807 588 V,
835 539 906 588 903
933 540 1003 588 923
1045 540 1120 589 VI,
1147 539 1216 588 163
1243 540 1315 589 203
1342 540 1406 578 31.

255 601 453 641 Particula
480 602 546 638 καί
572 602 728 653 saepius
754 603 882 653 posita
909 606 969 643 est
993 603 1038 654 V,
1065 604 1137 653 963
1177 603 1250 654 VI,
1275 604 1338 643 23.

256 666 366 706 Unus
404 666 511 706 locus
545 669 686 706 restat:
725 667 801 718 VI,
827 667 880 705 46
913 667 1085 717 συνῆσοέν
1117 681 1155 704 τε
1186 668 1259 716 γάρ
1286 680 1354 715 μοι
1382 691 1429 696 -
1460 671 1526 705 καὶ

150 728 221 767 οὐκ
248 728 533 780 ἐπεγράφοντο.
586 731 640 771 Ut
665 731 706 770 in
733 731 790 771 eis
819 731 1017 783 exemplis,
1045 743 1145 781 quae
1171 731 1283 770 attuli
1308 744 1348 782 p.
1376 732 1424 770 16
1450 732 1527 771 sibi

150 794 384 845 respondent
408 794 597 847 οὔτε-τέ,
623 796 681 835 ita
706 796 782 835 hoc
808 796 893 836 loco
919 796 994 836 sibi
1014 795 1248 847 respondent
1262 796 1419 833 τέ-καὶ
1445 794 1525 836 οὔκ.

254 859 366 905 Quod
382 871 473 898 vero
492 860 630 898 attinet
643 860 696 899 ad
709 860 883 900 codicum
895 861 1101 900 lectionem
1111 861 1157 910 V,
1186 861 1236 899 10
1250 863 1347 909 φασὶ
1361 859 1405 897 δὲ
1419 859 1471 897 αὖ
1482 859 1525 897 τό

148 937 187 962 τε
228 922 467 963 ἄποκπίνειν
508 925 608 974 μέγα
648 927 898 977 κακοῦργημα
944 926 1044 963 εἶναι
1080 937 1162 976 sqq.
1201 924 1397 964 consentio
1440 936 1523 965 cum

149 989 333 1040 Sauppio,
361 990 426 1038 qui
454 989 682 1040 particulam
708 991 748 1027 τέ
781 990 822 1029 in
847 991 892 1036 γέ
917 990 1141 1029 mutandam
1169 1001 1254 1029 esse
1281 992 1420 1028 censet.

254 1054 412 1093 Summa
438 1054 558 1104 igitur
580 1054 692 1093 huius
719 1055 858 1105 capitis
886 1054 984 1094 haec
1010 1059 1079 1094 est.
1132 1053 1226 1091 ὥστε
1252 1054 1292 1092 in
1308 1053 1525 1103 tetralogiis

148 1122 218 1169 ter,
245 1118 286 1157 in
313 1130 368 1157 or.
385 1118 420 1157 Ι.
446 1119 577 1170 semel,
603 1118 644 1157 in
671 1131 726 1158 or.
753 1119 798 1158 V.
825 1119 979 1170 septies,
1006 1119 1046 1158 in
1074 1131 1127 1158 or.
1153 1118 1218 1157 VI.
1245 1117 1460 1168 quinquies,
1486 1121 1526 1157 et

148 1183 313 1223 formula
340 1181 426 1221 οἶόν
451 1197 489 1220 τε
515 1184 616 1221 εἶναι
642 1184 682 1223 in
710 1184 926 1234 tetralogiis
953 1196 1169 1235 nunquam,
1204 1184 1245 1222 in
1272 1196 1326 1222 or.
1351 1183 1382 1222 Ι.
1407 1182 1527 1222 semel

148 1248 189 1287 in
214 1261 269 1287 or.
295 1249 341 1287 V.
367 1252 525 1298 quater,
566 1249 607 1287 in
634 1261 687 1289 or.
713 1249 777 1287 VI.
805 1250 947 1300 septies
980 1250 1185 1288 invenitur.
1242 1248 1459 1287 Particulae
1485 1249 1526 1284 τέ

151 1314 240 1350 -τέ
261 1313 301 1352 in
328 1314 546 1363 tetralogiis
577 1313 704 1353 sexies
730 1317 770 1353 et
794 1313 1029 1363 quadragies
1055 1317 1265 1364 usurpatae
1290 1315 1380 1352 sunt
1406 1316 1523 1362 atque

147 1377 204 1416 ita
231 1376 397 1428 quidem,
425 1381 467 1416 ut
493 1381 532 1416 et
557 1377 712 1427 singula
744 1378 864 1417 verba
891 1381 930 1416 et
957 1377 1153 1416 enunciati
1180 1377 1351 1416 membra
1377 1379 1416 1414 et
1440 1376 1529 1426 ipsa

148 1443 355 1483 enunciata
382 1443 677 1493 conjungantur.
736 1443 930 1482 Articulus
966 1446 1005 1482 et
1039 1442 1345 1494 praepositiones
1373 1453 1524 1493 semper

148 1506 254 1558 apud
280 1507 443 1545 alteram
469 1507 698 1557 particulam
732 1510 968 1557 repetuntur.
1034 1506 1317 1556 Septiesdecies
1343 1506 1384 1543 in
1410 1506 1523 1544 initio

148 1571 439 1612 ennnciatorum
464 1571 676 1623 particulas
702 1572 742 1609 τέ
768 1576 808 1612 et
831 1571 911 1621 γάρ
947 1570 1170 1623 conjunctas
1205 1570 1382 1621 legimus.
1450 1568 1520 1609 Ce-

147 1642 255 1675 terae
282 1636 476 1674 orationes
502 1636 658 1685 singula
683 1640 832 1674 tantum
858 1637 1132 1686 particularum
1150 1637 1281 1672 τέ-τέ
1305 1636 1520 1685 responsio·

147 1700 208 1741 nis
236 1699 414 1752 exempla
440 1700 639 1752 praebent.
691 1699 887 1740 Particula
912 1700 963 1751 τέ,
991 1700 1054 1740 cui
1080 1700 1203 1740 altera
1228 1698 1420 1752 particula
1446 1710 1525 1739 non

147 1765 375 1816 respondet,
411 1765 453 1803 in
480 1778 534 1804 or.
558 1766 589 1803 1.
617 1769 656 1804 et
679 1766 721 1804 in
749 1778 802 1804 or.
828 1766 874 1804 V.
900 1766 1054 1816 legitur.
1114 1766 1160 1804 In
1187 1778 1241 1804 or.
1266 1766 1310 1803 V.
1338 1770 1377 1803 et
1400 1765 1442 1804 in
1469 1777 1522 1804 or.

147 1828 213 1869 VI.
239 1829 405 1880 singulis
432 1829 528 1870 locis
565 1829 642 1869 sibi
680 1828 915 1881 respondent
947 1829 1162 1882 particulae
1190 1829 1377 1868 οὔτε-τέ.
1427 1829 1522 1868 Par·

146 1895 275 1933 ticulis
301 1895 460 1932 τέ-καί
494 1895 535 1933 in
574 1895 791 1945 tetralogiis
827 1896 924 1934 nihil
960 1896 1037 1934 nisi
1064 1895 1139 1935 duo
1167 1895 1339 1935 eiusdem
1366 1896 1519 1945 generis

144 1960 285 2010 verba,
325 1959 366 1998 in
401 1959 538 1999 ceteris
579 1960 818 1999 orationibus
857 1960 974 1999 etiam
1010 1960 1207 2000 enunciati
1234 1960 1406 1999 membra
1432 1971 1520 1999 con-

140 2024 369 2076 junguntur.
429 2025 476 2063 In
513 2037 562 2064 ea
587 2037 738 2075 quoque
765 2038 806 2065 re
833 2025 1026 2065 orationes
1051 2026 1082 2065 I.
1109 2026 1153 2065 V.
1179 2026 1246 2065 VI.
1272 2025 1409 2065 eadem
1434 2025 1523 2076 lege

145 2091 323 2139 utuntur,
362 2088 465 2139 quod
491 2089 596 2140 apud
631 2089 842 2140 particulas
880 2091 978 2127 25-
993 2091 1059 2126 καί
1084 2091 1317 2142 praepositio
1355 2093 1423 2129 aut
1461 2089 1522 2129 bis

145 2157 215 2194 aut
241 2154 359 2194 semel
385 2154 552 2205 ponitur.
604 2155 650 2193 In
677 2155 802 2206 prima
829 2155 995 2205 denique
1021 2156 1194 2196 oratione
1218 2155 1294 2195 duo
1320 2155 1517 2207 adjectiva

145 2219 209 2259 vel
236 2218 425 2259 adverbia
449 2219 651 2270 particulis
677 2220 716 2256 τὲ
742 2220 809 2256 καί
835 2219 1131 2270 conjunguntur.
