1695 2931
885 125 937 166 52

225 225 310 266 loco
336 226 611 278 antiphonteo:
638 227 685 279 V,
712 228 763 267 75
788 228 824 265 εἰ
845 230 919 277 μέν
944 250 995 257 -
1023 229 1094 265 νῦν
1120 226 1165 265 δέ
1190 250 1244 257 -
1270 225 1375 277 ὅμως
1401 226 1531 275 μέντοι
1549 222 1599 263 οὔ

220 290 414 340 προδώσω
439 292 506 330 τὸν
532 293 703 342 πατέρα.
738 295 860 331 καίτοι
886 293 968 342 τάχ’
994 294 1046 331 ἄν
1071 292 1259 345 σφαλείην
1285 299 1335 321 ’-
1364 290 1469 341 ὅμως
1494 287 1600 330 δὀὗν

220 354 559 395 κενονδυνειῖσεται.
602 358 701 398 Nam
725 358 825 398 inter
852 357 957 409 ὅμως
972 360 1101 409 μέντοι
1118 362 1157 399 et
1182 357 1286 408 ὅμως
1313 357 1358 396 δέ
1382 356 1423 397 id
1449 360 1598 396 tantum

220 421 409 462 interesse
437 422 611 469 videtur,
659 428 699 462 ut
725 422 831 473 ὅμως
854 425 984 472 μέντοι
1024 423 1170 464 maiore
1204 423 1373 475 quadam
1408 423 1448 466 vj
1481 435 1598 474 oppo-

218 486 398 526 sitionem
435 487 629 537 significet
665 500 780 538 quam
817 487 922 538 ὄμως
956 488 1012 529 δέ.
1064 489 1200 540 Itaque
1238 488 1366 528 facilis
1403 488 1598 540 explicatu

217 562 280 590 res
307 556 385 602 est,
426 552 529 602 quod
568 553 607 591 in
649 554 787 593 ceteris
814 554 1001 606 exemplis
1040 554 1218 594 omnibus
1253 553 1443 605 particula
1468 554 1598 601 μέντοι

218 616 435 668 particulae
463 616 508 655 δέ
534 618 658 657 locum
695 622 831 659 tenens
867 619 1083 671 particulae
1108 620 1181 668 μέν
1215 617 1433 671 respondet.
1484 617 1598 669 Legi-

217 693 303 721 mus
329 682 455 722 enim:
494 683 541 734 V,
570 684 619 723 19
657 683 793 722 οὕτωσῐ
818 686 891 733 μὲν
917 684 966 736 δή
991 697 1075 736 sqq.
1100 707 1152 714 —
1179 683 1284 733 ὅμως
1308 684 1438 734 μέντοι
1465 697 1506 732 γε
1533 685 1598 723 καὶ

217 747 260 784 ἐκ
282 747 424 786 τούτων
447 749 684 798 πειράσομαι
700 776 709 786 .
740 751 891 801 „plima
918 764 960 796 γε
985 750 1104 801 (quod
1131 749 1308 789 hocloco
1334 749 1493 800 legitur)
1519 761 1598 789 non

216 812 377 853 multum
403 813 533 854 differt
559 826 584 853 a
610 814 776 867 simplici
801 816 953 867 μέντοι,
988 820 1129 855 tamen.
1181 814 1313 855 Possis
1339 817 1470 855 tamen
1494 817 1597 854 certe

216 870 400 919 reddere“
431 880 666 931 (Hermanus
692 881 744 919 ad
760 881 945 931 Vigerum
973 895 1010 932 p.
1038 882 1144 932 839).
1197 881 1343 921 Eodem
1370 881 1484 919 modo
1510 893 1597 931 par-

215 942 358 988 ticulae
374 944 503 993 μέντοι
517 957 560 991 γε
574 943 805 995 conjunctae
823 945 1068 997 reperiuntur
1086 945 1150 996 VI,
1177 946 1213 984 3.
1265 945 1404 993 Cetera
1418 944 1597 996 exempla

214 1007 391 1048 invenies
417 1008 464 1059 V,
491 1009 560 1060 863
586 1009 651 1060 VI,
681 1010 752 1060 183
780 1011 842 1049 22.

739 1267 904 1330 eaput
934 1268 1069 1319 VIII.

650 1394 721 1441 De
747 1395 963 1455 particula
993 1402 1145 1441 τοίνυν.

319 1518 529 1569 Postquam
565 1522 658 1558 ante
692 1520 763 1559 hos
798 1523 876 1559 tres
911 1531 1035 1560 annos
1069 1520 1359 1572 Rosenbergius
1384 1521 1426 1560 in
1453 1520 1594 1561 disser-

212 1582 379 1622 tatione:
415 1583 478 1623 die
505 1585 676 1635 partikel
704 1586 833 1622 τοίνυν
857 1585 897 1623 in
926 1585 995 1624 der
1021 1585 1212 1625 attischen
1242 1586 1366 1625 dekas
1392 1585 1462 1636 (cf.
1483 1585 1592 1636 jahr-

213 1647 356 1687 bflcher
381 1647 444 1688 fiir
470 1649 679 1689 classische
706 1649 931 1701 philologie,
958 1649 1276 1701 herausgegeben
1303 1662 1380 1690 von
1394 1651 1439 1690 A.
1453 1650 1592 1690 Fleck-

210 1714 317 1754 cisen
349 1715 451 1754 1874
477 1728 514 1767 p.
546 1717 620 1756 109
647 1716 747 1768 sqq.)
774 1716 891 1756 etiam
928 1716 977 1756 de
1009 1716 1091 1756 eius
1130 1716 1345 1768 particulae
1386 1728 1460 1756 usu
1494 1716 1592 1757 anti-

209 1779 380 1830 phonteo
408 1781 500 1831 egit,
529 1781 645 1821 facile
673 1783 758 1832 quis
783 1782 946 1833 putabit,
972 1794 1303 1833 supervacaneum
1328 1793 1425 1832 esse,
1454 1782 1593 1821 iterum

210 1843 374 1884 candem
413 1857 492 1884 rem
531 1849 711 1886 tractare.
776 1846 853 1886 Sed
892 1859 993 1897 quae
1031 1846 1145 1887 homo
1182 1847 1248 1886 ille
1275 1846 1518 1887 doctissimus
1544 1846 1593 1887 dc

208 1909 448 1960 Antiphonte
474 1909 570 1949 dicit
582 1923 620 1962 p.
645 1912 739 1950 113:
770 1912 863 1963 „Bei
878 1911 1077 1963 Antiphon
1100 1912 1151 1951 ist
1172 1911 1235 1950 die
1261 1911 1431 1962 partikel
1457 1912 1592 1952 selten.

209 1973 250 2012 in
280 1972 355 2013 den
384 1974 668 2027 sophistischen
695 1976 1033 2027 fibungsstucken,
1060 1975 1136 2016 den
1164 1975 1417 2028 tetralogien,
1443 1977 1523 2017 und
1549 1977 1592 2017 in

208 2038 279 2077 der
304 2044 433 2078 ersten
474 2040 565 2079 sehr
604 2040 884 2091 verdaohtigen
921 2041 1014 2079 rede
1054 2041 1151 2079 fehlt
1189 2041 1359 2089 dieselbe
1386 2053 1488 2091 ganz
1501 2070 1512 2091 ‚
1549 2042 1592 2081 in

208 2101 278 2142 der
304 2103 441 2143 besten
469 2103 585 2155 rede,
621 2104 690 2144 der
716 2107 767 2145 bn
780 2136 790 2156 ,
826 2105 878 2145 ist
904 2104 961 2144 sie
996 2105 1095 2145 noch
1130 2117 1194 2144 am
1222 2105 1453 2156 hliufigsten.
1505 2106 1591 2147 Von

207 2167 450 2208 besonderen
479 2168 772 2221 verbindungen
796 2170 903 2209 kann
932 2173 1041 2210 unter
1063 2169 1196 2210 diesen
1219 2169 1449 2211 umstltnden
1470 2170 1591 2211 kaum

209 2231 273 2271 die
299 2232 391 2273 rede
419 2234 516 2274 sein.
569 2234 757 2275 Zweimal
795 2234 945 2275 kommt
970 2236 1100 2272 ωἰνυν
1135 2247 1207 2274 vor
1234 2234 1361 2275 hinter
1394 2235 1480 2275 dem
1504 2248 1590 2288 pro·

206 2309 347 2337 nomen
384 2297 453 2338 der
479 2303 605 2339 ersten
643 2311 782 2351 person
809 2298 887 2346 ἐγώ
913 2299 992 2340 und
1019 2298 1152 2351 ἐμοῢι,
1187 2299 1285 2340 haec
1311 2300 1453 2352 verba,
1491 2300 1590 2353 dico,

205 2362 336 2402 omnia
370 2363 459 2414 plus
488 2364 664 2404 minusve
698 2364 792 2404 mihi
822 2364 1038 2416 displicent.
1088 2365 1258 2404 Primum
1285 2366 1387 2405 enim
1414 2379 1491 2406 non
1517 2367 1581 2407 in-

205 2427 354 2479 telligo,
380 2428 573 2478 quomodo
597 2428 724 2469 dicere
746 2430 880 2481 possit,
906 2430 947 2469 in
966 2429 1184 2480 tetralogiis
1203 2429 1435 2481 particulam
1462 2433 1593 2470 τοίνυν

205 2505 283 2533 non
311 2493 489 2545 inveniri,
516 2506 603 2533 cum
629 2495 714 2546 ipse
740 2508 778 2546 p.
802 2496 875 2535 110
900 2495 1016 2543 dicat,
1041 2495 1149 2534 illam
1176 2495 1256 2546 legi
1277 2495 1337 2543 Ββ
1363 2496 1385 2534 7
1417 2500 1457 2536 et
1470 2498 1527 2534 Γα
1555 2498 1592 2537 7.

204 2557 305 2598 Tum
343 2571 393 2599 ne
432 2558 473 2599 id
512 2559 668 2611 quidem
705 2560 802 2601 satis
836 2564 1018 2601 accurate
1045 2559 1160 2607 dicit,
1202 2560 1432 2612 particulam
1458 2562 1589 2601 τοίνυν

205 2622 559 2675 frequentissimam
598 2636 684 2666 esse
719 2625 760 2666 in
788 2638 841 2666 or.
866 2625 913 2666 V.
978 2625 1083 2667 Sane
1116 2625 1173 2666 ibi
1211 2628 1271 2666 ter
1304 2629 1344 2666 et
1378 2626 1419 2666 in
1446 2639 1500 2667 or.
1525 2624 1591 2667 VI.
