1695 2931
807 137 882 189 21⁴

149 257 244 298 „ego
271 241 400 282 nullus
427 241 558 281 dubito
585 240 794 291 legendum
820 252 905 280 esse
931 241 973 285 ὧι
999 254 1037 278 τε
1076 239 1227 291 ἄμφοτν
1252 245 1334 278 τοτν
1360 238 1525 288 α’νδρόιν

143 313 224 346 tow
248 307 575 354 βασανισθέντων
600 305 686 354 ἐμοὶ
721 307 827 354 μερὶς
861 305 1079 355 κρείσσωνα,
1115 309 1154 343 et
1180 305 1425 354 Hirschigius
1457 303 1523 353 (cf.

142 372 367 421 Philologus
384 372 443 409 IX
469 383 506 421 p.
519 370 612 420 737)
627 370 725 408 haec
739 370 860 408 verba
874 369 994 408 deleri
1005 369 1128 419 jubet.
1180 370 1328 408 Tamen
1355 368 1521 409 fortasse

144 438 240 477 haec
266 436 387 476 verba
414 435 603 487 explicari
630 438 801 486 possunt.
853 435 952 474 Nam
979 446 1066 473 cum
1091 446 1209 485 supra
1235 434 1355 474 verba
1381 434 1423 472 ἔκ
1440 439 1523 471 τοτν

142 502 275 551 λόγοιν
300 507 381 539 τοτν
407 499 571 550 α’νδροτν
595 505 678 538 τοῖν
702 501 1024 548 βασανισθέντων
1048 499 1146 537 nihil
1173 499 1389 550 significent
1407 511 1523 550 quam

143 582 192 610 ex
228 568 358 608 verbis
398 567 552 607 testium
590 566 790 606 tormentis
829 566 1170 616 interrogatorum,
1208 565 1282 605 hoc
1315 565 1400 605 loco
1444 577 1522 605 vox

143 633 468 684 βασανισθέντων
495 632 681 681 premitur
708 635 825 681 atque
852 631 1059 682 opponitur
1085 631 1181 681 ipsis
1217 630 1311 670 viris
1351 629 1521 670 nondum

142 699 342 740 tormentis
370 698 632 748 interrogatis.
684 698 783 736 Tum
808 696 996 748 videmus,
1023 700 1127 736 recte
1153 708 1195 735 se
1221 696 1373 735 habere
1392 699 1431 735 et
1455 696 1523 733 καὶ

139 765 181 803 ἐκ
223 765 300 802 τῶν
341 762 469 813 λόγων
494 764 570 800 τῶν
594 763 661 800 wi
690 760 912 812 ἀνθρώπου
937 763 1044 812 μερὶς
1071 760 1236 812 ἑκατέρῳ
1264 763 1325 811 ἰ’ση
1350 759 1448 805 ἐστί,
1483 762 1523 799 et

141 830 182 868 ἔκ
208 843 246 867 τε
272 827 424 878 α’μφοῒν
449 833 530 866 τοῖν
558 826 721 877 α’νδροτν
747 833 827 865 τοτν
846 827 1184 875 βασανισθέντων.
1238 825 1376 875 Itaque
1393 825 1435 864 in
1448 824 1522 864 hoc

140 896 225 935 loco
252 893 482 945 explic-ando
509 893 550 932 id
577 905 728 944 semper
755 892 963 932 tenendum
989 896 1067 942 est,
1094 903 1228 931 vocem
1254 891 1521 939 βασανισθέν-

141 971 222 998 τοιν
247 971 347 1009 non,
387 961 429 997 ut
464 970 601 1009 supra,
641 957 694 996 ad
733 961 851 997 testes
878 957 1105 1008 simpliciter
1131 955 1410 1007 significandos
1436 967 1523 995 esse

141 1027 389 1076 usurpatam,
425 1024 495 1063 sed
531 1024 751 1075 oppositam
787 1036 873 1064 esse
912 1023 1009 1075 ipsis
1048 1023 1164 1074 viris,
1208 1034 1295 1062 cum
1321 1021 1522 1061 tormentis

141 1089 312 1130 nondum
338 1093 468 1129 essent
493 1089 733 1139 interrogati.
787 1090 847 1129 De
875 1088 1012 1128 eadem
1040 1088 1154 1128 huius
1170 1088 1245 1128 loci
1262 1087 1521 1138 explicatione

142 1154 335 1205 cogitasse
362 1153 478 1193 video
504 1153 742 1193 Lindnerum
767 1153 791 1193 l.
819 1165 851 1193 c.
875 1166 913 1205 p.
939 1153 990 1192 55
1017 1164 1073 1203 sq.

242 1220 330 1260 Non
364 1231 523 1270 possum
560 1219 714 1259 silentio
750 1219 915 1258 transire
951 1218 1163 1258 Hermanni
1199 1217 1382 1269 Sauppii‚
1408 1229 1521 1269 prae·

138 1285 305 1337 ceptoris
331 1285 581 1335 dilectissimi,
608 1285 850 1335 sententiam,
878 1284 943 1334 qui
970 1284 1043 1323 hoc
1070 1284 1152 1323 loco
1180 1283 1311 1333 legere
1326 1295 1387 1322 me
1400 1282 1520 1334 jussit

138 1351 180 1389 ἔκ
205 1340 243 1389 τε
267 1352 344 1388 τῶν
370 1349 498 1396 λόγων
524 1361 627 1401 sqq.,
661 1354 704 1389 ut
729 1350 806 1389 sibi
832 1349 1107 1400 responderent
1133 1349 1348 1400 particulae
1375 1349 1519 1388 τέ-τέ,

137 1416 238 1466 Sed,
274 1415 377 1465 quod
403 1415 597 1454 rarissime
627 1415 691 1465 fit,
727 1415 802 1454 viri
832 1415 1042 1454 doctissimi
1068 1414 1290 1465 conjectura
1317 1414 1411 1453 mihi
1439 1426 1519 1453 non

139 1481 333 1532 probatur.
386 1480 485 1520 Nam
515 1479 680 1530 primum
707 1491 840 1519 omnes
873 1478 1026 1519 codices
1063 1479 1293 1530 particulam
1329 1479 1368 1516 τέ
1411 1478 1518 1518 omit-

139 1550 247 1596 tunt,
273 1550 355 1584 tum
381 1544 657 1601 particularum
684 1546 815 1582 τέ-τέ
846 1545 1047 1596 responsio
1074 1545 1193 1583 semel
1220 1548 1370 1583 tantum
1396 1544 1437 1582 in
1464 1557 1519 1583 or.

137 1611 183 1651 V.
209 1611 420 1662 invenitur,
458 1610 624 1661 denique
661 1610 817 1650 confero
853 1610 968 1650 huius
1008 1611 1194 1650 orationis
1234 1610 1355 1650 verba
1381 1610 1422 1662 (ξ
1451 1609 1518 1662 87)

138 1675 287 1726 α’νοέγκη
316 1675 360 1713 δὲ
386 1678 450 1725 τῆς
477 1675 583 1726 δίκης
609 1678 799 1713 νικᾶσθαι
827 1677 936 1725 παρὰ
964 1675 1004 1714 τὸ
1030 1675 1201 1726 ἀληθές,
1248 1675 1368 1715 αὐτοῦ
1392 1689 1428 1713 τε
1455 1677 1522 1715 τοῦ

140 1738 317 1791 ἀληθοῦς
342 1740 409 1791 (cf.
439 1739 488 1779 de
515 1739 577 1780 his
603 1740 732 1779 verbis
759 1753 795 1792 p.
824 1740 902 1792 16).

241 1805 289 1844 In
317 1817 370 1844 or.
397 1805 463 1844 VI.
497 1805 603 1844 nullo
638 1806 723 1844 loco
766 1798 960 1856 particula
997 1807 1038 1843 τέ
1079 1806 1199 1845 semel
1239 1809 1425 1856 usurpata
1451 1809 1521 1846 est.

137 1869 322 1909 Venimus
348 1870 469 1920 igitur
495 1870 548 1909 ad
575 1871 749 1910 ultimam
777 1871 891 1910 huius
918 1871 1057 1922 capitis
1083 1875 1245 1922 partem,
1272 1871 1411 1921 quade
1431 1883 1519 1923 par-

137 1935 265 1975 ticulis
291 1936 449 1972 τέ-καί
476 1936 534 1987 (in
560 1948 613 1975 or.
640 1936 685 1975 V.
713 1940 752 1975 et
777 1936 860 1987 VI.)
888 1936 1104 1988 conjunctis
1131 1937 1255 1976 acturi
1281 1948 1421 1976 sumus.

241 2000 371 2050 Atque
395 2000 558 2051 primum
586 2000 741 2051 quidem
768 2005 810 2040 ut
835 2002 877 2040 in
915 2002 1133 2052 tetralogiis
1160 2005 1199 2040 et
1223 2002 1264 2040 in
1292 2014 1345 2041 or.
1372 2002 1403 2041 Ι.
1429 2001 1518 2041 sim-

137 2065 287 2117 pliciter
312 2064 388 2105 duo
416 2066 661 2106 substantiva
687 2067 968 2118 pronominave
1003 2071 1042 2107 et
1069 2067 1145 2107 duo
1174 2067 1295 2107 verba
1321 2067 1520 2119 particulis

137 2132 297 2168 τέ-καί
324 2130 621 2181 conjunguntur.
675 2132 721 2181 V,
759 2133 779 2170 1
809 2134 852 2184 τῇ
880 2146 916 2169 τε
944 2134 1127 2182 συμφορᾷ
1164 2134 1229 2169 καὶ
1263 2138 1341 2176 τοῖς
1375 2138 1520 2176 κακοῖς.

138 2196 185 2235 In
212 2195 275 2236 his
303 2192 431 2235 Verbis
459 2196 658 2247 paulisper
685 2196 968 2236 subsistendum
997 2200 1066 2236 est.
1120 2197 1163 2238 Si
1192 2197 1294 2236 enim
1320 2197 1452 2236 oculos
1466 2196 1518 2236 ad

139 2273 186 2300 ea
213 2261 352 2310 verba,
379 2272 479 2310 quae
506 2260 756 2311 antecedunt,
782 2261 986 2300 vertimus:
1013 2260 1081 2310 τήν
1108 2260 1278 2309 δύναμιν
1303 2263 1370 2300 τοῦ
1394 2260 1518 2309 λέγειν

138 2326 202 2362 καὶ
230 2325 297 2376 τὴν
324 2324 527 2374 ἐμπειρίαν
552 2326 628 2362 τῶν
654 2325 913 2374 πραγμάτων,
953 2325 1069 2365 facile
1096 2325 1237 2375 aliquis
1263 2328 1355 2364 ante
1382 2336 1518 2365 vocem

139 2390 307 2438 δύναμιν
333 2390 561 2441 particulam
587 2391 627 2427 τέ
654 2389 876 2429 desiderare
902 2394 1039 2441 potest,
1067 2403 1167 2440 quae
1193 2390 1227 2430 si
1254 2390 1389 2429 addita
1416 2393 1520 2431 esset

137 2455 437 2507 pulcherrimam
453 2454 614 2495 duorum
633 2455 830 2495 enunciati
843 2456 1099 2495 membrorum
1109 2455 1425 2506 aequabilitatem
1432 2467 1516 2507 per-

138 2520 269 2561 ficeret
280 2535 289 2560 :
306 2521 418 2571 τήνπ
427 2519 596 2570 δύναμιν
612 2522 680 2559 τοῦ
699 2520 823 2569 λέγειν
836 2523 901 2558 καὶ
909 2518 977 2572 τήν
984 2520 1187 2570 ἐμπειρίαν
1196 2522 1272 2558 τῶν
1280 2520 1520 2571 πραγμάτων

137 2586 181 2633 ἐξ
193 2587 277 2625 ἴσου
303 2599 370 2636 μοι
386 2584 630 2626 καθεστάναι
657 2588 702 2641 τῇ
714 2600 752 2625 τε
766 2588 949 2639 συμφορᾷ
961 2589 1117 2632 καὶτοῖς
1128 2592 1272 2631 κακοῖς.
1326 2586 1407 2627 Sed
1418 2587 1519 2629 eius·

76 2691 78 2693 .
138 2650 242 2693 modi
268 2651 472 2693 verborum
497 2652 737 2695 concinnitas
763 2652 805 2694 in
830 2651 905 2694 hac
931 2652 1107 2695 oratione
1134 2665 1213 2694 non
1240 2651 1492 2695 desideratur.
