1695 2931
773 124 821 162 31

93 228 299 279 ἔπραξεν,
336 225 461 265 ἄλλον
501 225 592 271 δἐἶς
626 224 746 265 αὑτὸν
783 225 1019 276 ἁμαρτόντος
1045 227 1099 272 εἷς
1125 226 1306 273 ἀνοσίους
1332 227 1405 280 (sic
1431 227 1483 268 le-

111 292 280 344 gendum
306 303 391 331 esse
417 302 503 330 cum
530 291 683 330 Blassio
708 294 802 341 puto
837 303 906 342 pro
933 291 1043 331 codd.
1069 292 1233 332 lectione
1260 292 1482 346 ἀκουσίους)

111 357 237 403 αἰτίας
261 354 395 408 ἦλθεν.
446 355 493 395 In
517 354 728 406 tetralogia
753 354 965 406 Pdenique
982 357 1078 397 haec
1092 359 1270 410 exempla
1286 359 1480 400 invenies:

112 423 171 459 Γα
197 422 220 459 7
248 424 288 460 et
313 422 370 468 Ῑβ
395 421 417 458 7
456 420 550 471 (non
584 419 762 469 intelligo
797 431 865 458 cur
891 421 1066 460 Blassius
1098 423 1219 461 verba
1253 423 1398 468 ἀδίκως
1436 424 1483 461 δέ

110 490 307 537 tamquam
332 484 554 537 conjectura
578 483 715 524 addita
739 484 847 524 uncis
873 483 1098 537 incluserit).

214 551 422 590 Praeterea
449 550 522 589 huc
548 550 743 601 pertinent
768 549 845 589 duo
871 549 930 588 illi
956 550 1043 599 loci,
1070 550 1118 590 de
1133 551 1271 600 quibus
1290 553 1483 603 copiosius

110 617 175 668 egi
200 629 238 668 p.
267 616 328 657 13.

213 682 260 721 In
286 693 339 721 or.
366 680 396 719 Ι.
420 678 557 719 eodem
584 678 697 718 modo
723 678 953 729 particulam
977 680 1051 728 μέν
1077 680 1137 719 bis
1162 682 1334 731 sequitur
1369 683 1487 733 parti-

111 746 199 785 cula
226 744 272 782 δέ
297 745 329 795 1,
358 745 429 794 183
455 744 524 793 213
551 743 614 782 23.

212 808 408 849 Interdum
437 808 544 859 prius
570 807 800 857 membrum,
837 806 899 846 cui
935 808 1126 858 particula
1157 810 1231 856 μέν
1256 809 1391 850 addita
1417 817 1486 864 est,

108 876 248 915 iterum
283 873 486 925 particulis
519 876 593 922 μέν
618 894 668 901 -—
697 871 743 909 δέ
775 872 817 911 in
852 872 951 911 duas
978 877 1109 924 partes
1144 875 1309 915 divisum
1349 880 1408 916 est
1445 881 1488 917 ut

108 940 206 980 haec
231 938 417 980 orationis
444 938 568 979 forma
594 937 767 978 eveniat:

524 998 1068 1051 μέν-μέν-δέ-δέ

558 1067 616 1087 μ

108 1114 168 1162 Ββ
194 1113 215 1151 7
245 1112 286 1149 τὸ
313 1112 385 1159 μὲν
410 1111 539 1148 τοίνυν
563 1109 766 1158 μειράκιον
791 1121 873 1160 sqq.
898 1132 951 1138 —
979 1109 1117 1157 ἔδρασε
1142 1112 1215 1159 μὲν
1227 1110 1344 1150 οὐδὲν
1362 1111 1485 1152 α’κού-

108 1172 203 1226 σιον,
232 1178 348 1216 §nem
374 1175 419 1214 δέ
445 1188 527 1226 sqq.
551 1198 605 1204 —
632 1173 654 1213 ό
682 1174 726 1213 δὲ
753 1181 859 1220 παῖς.
911 1176 961 1215 Et
987 1177 1043 1224 Γβ
1069 1177 1093 1216 3
1120 1176 1156 1214 εἰ
1183 1179 1256 1225 μὲν
1280 1178 1355 1229 γὰρ
1383 1177 1484 1217 α’πέ-

107 1245 247 1286 θανεν,
275 1239 342 1281 ὑπ’
370 1241 466 1289 ἐμοῦ
489 1242 561 1288 μὲν
588 1239 744 1285 δικαίως
771 1240 858 1278 δ’ἄν
883 1240 1080 1290 ἐτεθνήκει
1106 1262 1157 1271 —
1183 1244 1253 1282 νῦν
1279 1243 1335 1280 δέ.

212 1307 337 1348 Simili
362 1306 476 1346 modo
503 1306 542 1356 Ι,
570 1306 617 1345 21
647 1305 811 1345 alterum
837 1306 1046 1346 membrum
1061 1337 1071 1357 ,
1115 1308 1217 1357 quod
1243 1309 1395 1348 tertium
1422 1322 1482 1350 se-

107 1373 247 1424 quitur,
275 1372 440 1412 divisum
468 1374 537 1421 est,
564 1375 606 1409 ut
632 1370 730 1409 haec
755 1370 882 1421 figura
908 1371 978 1410 sit:

444 1434 1142 1484 μέν-δέ-μέν-δέ-δέ

472 1483 650 1502 x——d
793 1486 968 1502 x—-a

476 1511 531 1522 ⁸-—

106 1545 231 1585 Ambo
276 1544 448 1583 membra
483 1543 611 1583 divisa
663 1546 752 1583 sunt
795 1547 835 1583 et
880 1548 1082 1595 praeterea
1119 1544 1282 1596 primum
1315 1546 1388 1595 μέν
1421 1546 1483 1588 bis

107 1611 278 1661 sequitur
305 1609 350 1647 δέ
376 1610 429 1656 Γγ
456 1610 481 1647 2

293 1673 1310 1738 μέν-μέν-δέ-δέ-μέν-δέ-δέ

514 1724 665 1740 ...λ
965 1725 1139 1743 Κ--λ

316 1748 378 1762 8-
764 1745 820 1760 —A

106 1806 159 1852 Γγ
186 1806 211 1845 2
237 1806 390 1856 πρῶτον
415 1806 488 1853 μὲν
515 1827 564 1833 -
591 1803 679 1848 τοὺς
702 1806 775 1852 μὲν
808 1805 883 1853 γάρ
909 1827 962 1833 -
987 1804 1074 1848 τοὺς
1110 1804 1156 1842 δέ
1182 1828 1232 1835 -
1259 1804 1311 1850 ὥς
1345 1806 1389 1845 δὲ
1414 1807 1484 1848 οὗ·

106 1869 152 1907 δέ
177 1892 230 1899 -
255 1868 278 1908 ό
304 1870 376 1919 μὲν
400 1868 476 1918 γάρ
504 1892 551 1899 —
582 1867 603 1906 ὅ
631 1867 677 1906 δέ
704 1890 753 1898 -
781 1868 817 1906 εἰ
843 1868 887 1906 δὲ
914 1875 998 1913 ταῖς
1022 1870 1150 1919 χερσίν
1176 1881 1256 1921 sqq.

209 1935 369 1974 Duobus
407 1934 503 1974 locis
542 1933 794 1984 posteriorem
830 1934 1060 1984 particulam
1099 1936 1173 1982 μέν
1214 1936 1275 1975 bis
1310 1938 1482 1986 sequitur

103 1999 296 2052 particula
322 1998 368 2037 δέ
393 2002 435 2038 ut
461 1999 558 2038 haec
584 1998 636 2039 sit
659 1998 916 2039 membrorum
942 1999 1140 2051 responsio

448 2066 769 2114 μέν-μέν-
800 2064 1142 2103 δέ--δέ-ὁέ

965 2158 1130 2175 ——ae

101 2205 164 2254 Αβ
191 2206 211 2245 1
249 2206 326 2244 τῶν
359 2205 431 2253 μὲν
465 2204 539 2255 γὰρ
582 2203 715 2243 ἄλλων
740 2228 794 2235 -
828 2202 976 2244 ὁπόταν
1006 2206 1080 2254 μέν
1104 2227 1155 2235 ——
1180 2202 1331 2245 ὁπόταν
1355 2205 1401 2244 δέ
1426 2230 1480 2237 -

101 2270 175 2307 ἐὰν
200 2269 246 2306 δέ
275 2269 341 2320 (cf.
368 2281 406 2319 p.
434 2267 500 2318 11)
530 2290 576 2296 —
605 2268 692 2316 ἐμοὶ
718 2268 775 2305 δέ.
839 2270 890 2307 Et
914 2269 975 2316 Αβ
1002 2270 1026 2307 9
1069 2268 1189 2312 ἁλοὺς
1220 2271 1293 2317 μὲν
1324 2269 1399 2319 γάρ
1432 2293 1478 2299 -

99 2335 164 2385 τῆς
188 2334 262 2384 μὲν
287 2330 420 2378 οὐσίας
446 2355 496 2361 —-
522 2334 586 2384 τῆς
613 2331 657 2371 δὲ
683 2331 833 2380 πόλεως
861 2356 913 2363 -—
938 2331 1229 2384 περιγενόμενος
1256 2333 1301 2372 δέ
1326 2358 1379 2366 --
1406 2335 1480 2374 ἐὰν

103 2398 147 2436 δὲ
174 2403 246 2438 νῦν
273 2411 355 2449 sqq.

206 2465 344 2505 Restat
370 2463 468 2503 haec
493 2462 640 2514 figura:

189 2533 262 2578 μέν
290 2553 338 2559 —-
365 2531 438 2578 μέν
465 2528 588 2595 -ιὶέ
614 2529 763 2577 -μέν
791 2527 988 2565 -δέ-
1014 2528 1059 2565 δέ
1086 2551 1136 2557 -
1162 2531 1236 2576 μέν
1263 2552 1317 2559 —
1344 2530 1389 2568 δέ

398 2582 508 2595 »..-
721 2577 896 2594 x-——d
1186 2580 1361 2597 z.-—.d

101 2635 159 2674 Γδ
183 2638 208 2677 2
234 2637 270 2675 εἰ
293 2640 366 2687 μὲν
390 2638 465 2688 γὰρ
488 2636 621 2687 ὥσπερ
647 2636 805 2685 βλέπειν
829 2638 903 2685 μὲν
928 2640 1005 2680 τοϊς
1031 2632 1282 2685 ὀφθαλμοῖς,
1323 2635 1482 2677 ἀκούειν
