1695 2931
812 120 862 162 14

151 226 318 267 cesimae
344 227 464 266 verba
490 226 775 278 demonstrant,
815 227 958 279 optime
984 226 1058 268 hoc
1090 228 1175 268 loco
1202 239 1225 268 e
1251 228 1424 280 vulgaris
1451 240 1528 270 ser-

150 293 275 333 monis
302 303 373 331 usu
401 292 593 341 quadrare
619 291 850 342 particulam
876 293 933 342 τέ;
960 304 1051 332 nam
1064 304 1149 332 cum
1175 293 1232 332 ibi
1245 293 1383 334 eadem
1408 294 1528 335 verba

149 357 350 411 particulis
371 357 530 393 τέ-καί
556 356 785 408 conjunctae
811 357 899 408 sint,
925 357 1137 406 indicatur,
1163 358 1261 398 haec
1286 359 1406 399 verba
1431 362 1528 400 tam-

150 434 265 472 quam
292 434 410 462 unum
446 421 598 462 efficere
624 422 846 461 membrum.
892 422 957 474 (cf.
983 435 1083 474 quae
1108 436 1144 475 p.
1163 425 1212 463 16
1241 436 1297 475 sq.
1324 424 1373 464 de
1399 425 1528 466 verbis

150 488 196 538 V,
225 489 271 526 87
302 492 340 526 et
368 488 433 537 VI,
460 488 485 526 5
514 488 618 526 dicta
642 487 758 538 sunt.)
825 488 1032 528 Praeterea
1068 501 1145 528 uno
1171 489 1256 529 loco
1284 490 1528 531 Maetznerus

151 557 190 593 et
215 553 391 593 Blassius
417 553 588 593 codicem
614 553 862 593 oxoniensem
890 554 1012 594 secuti
1039 559 1172 595 contra
1190 559 1401 596 ceterorum
1426 556 1531 598 codi-

151 631 238 658 cum
265 619 532 658 auctoritatem
558 619 788 669 particulam
811 620 855 659 ,τέ
879 624 1115 670 receperunt.
1172 622 1243 660 Est
1267 633 1359 661 vero
1385 622 1451 661 ille
1475 622 1530 661 lo-

152 696 219 724 cus
246 684 277 735 I,
305 685 329 724 9
356 684 401 722 τοὶ
429 682 679 734 ἀνδράποδα,
708 683 735 720 ὁὶ
754 677 909 738 συνῄδει
932 708 973 715 -
1003 687 1151 724 καὶτὸν
1168 687 1317 737 πατέρα
1342 685 1529 739 εἰληφότα

152 751 214 787 ἐπ’
242 749 460 801 αὐτοφώρῳ
487 750 625 799 ταύτην
652 750 722 801 (τε)
750 749 821 787 ουίι
849 748 970 789 οὖσαν
996 752 1189 800 ἄπαρνον,
1217 751 1323 802 πλήν
1349 751 1420 790 οὐκ
1445 765 1530 803 sqq.

153 815 232 855 Sed
259 815 362 855 haud
388 815 486 854 bene
513 815 553 853 in
580 816 615 854 N
642 814 831 865 particula
859 815 994 856 addita
1034 821 1102 856 est.
1153 817 1231 857 Res
1267 817 1369 857 enim
1402 817 1460 857 ita
1487 829 1531 859 se

152 881 282 931 habet,
310 885 351 919 ut
376 884 506 931 pater,
541 892 665 929 neque
693 881 793 920 ullus
820 882 920 921 alius
947 895 972 920 a
999 882 1144 921 femina
1169 883 1211 921 in
1237 883 1443 923 manifesto
1471 883 1531 924 fa-

153 946 282 986 cinore
308 945 549 997 deprehensa
574 945 759 985 facinoris
795 946 983 986 rationem
1011 947 1247 999 poposcerit,
1283 951 1322 987 et
1346 948 1383 988 ei
1407 959 1531 999 neque

153 1013 223 1052 ulli
250 1013 319 1051 alii
345 1012 414 1050 illa
440 1011 703 1062 responderit,
743 1024 785 1051 se
825 1013 922 1051 nihil
949 1013 1056 1052 aliud
1081 1014 1157 1053 nisi
1181 1015 1360 1064 poculum
1386 1018 1532 1055 amato-

155 1079 255 1118 rium
281 1077 444 1117 dedisse.
496 1077 634 1127 Itaque
652 1077 773 1117 verba
799 1077 938 1129 ταύτην
965 1076 1034 1118 οὐκ
1053 1077 1175 1116 οὖσαν
1188 1079 1370 1130 ἄπαρνον
1396 1092 1422 1120 a
1445 1092 1530 1121 ver·

155 1146 216 1185 bis
242 1146 308 1182 τὸν
334 1145 481 1194 πατέρα
506 1142 694 1193 εἰληφότα
722 1143 876 1195 sejungi
901 1145 1006 1185 nullo
1033 1146 1146 1185 modo
1173 1149 1348 1196 possunt.

257 1275 539 1315 Particularum
566 1276 725 1312 τὲ-καί
751 1274 971 1327 conjunctio
1010 1276 1051 1315 in
1077 1277 1410 1327 tetralogiis.raro
1437 1276 1532 1328 legi-

154 1346 233 1392 tur,
261 1346 300 1380 et
325 1345 528 1392 praeterea
555 1341 685 1379 omnia
712 1341 890 1391 exempla
916 1341 973 1380 ita
999 1345 1088 1380 sunt
1115 1345 1361 1393 comparata,
1388 1345 1431 1381 ut
1456 1342 1533 1382 duo

155 1408 275 1448 verba
312 1407 391 1446 illis
425 1405 626 1457 particulis
663 1406 958 1457 conjungantur.
1019 1407 1080 1456 Αβ
1122 1408 1170 1447 13
1198 1406 1315 1447 αὐτόν
1339 1421 1378 1445 τε
1402 1408 1533 1447 τοῦτον

157 1475 223 1511 καὶ
249 1473 332 1516 τοὺς
357 1472 475 1522 τούτῳ
501 1472 757 1521 βοηθοῦντας.
820 1470 881 1510 Ad
907 1473 927 1510 7
958 1471 1185 1521 α’τιμοῦνταί
1210 1486 1247 1510 τε
1274 1474 1340 1510 καὶ
1365 1470 1533 1523 χρήμασι

159 1538 388 1590 ζημιοῦνται.
440 1538 500 1585 Ββ
520 1538 567 1575 12
594 1538 662 1587 τήν
677 1551 714 1574 τε
740 1535 810 1577 οὖν
836 1536 1033 1586 εὐσέβειαν
1059 1540 1124 1575 καὶ
1149 1537 1189 1576 τὸ
1219 1537 1371 1577 δίκαιον
1398 1537 1533 1579 αἰδού-

157 1617 279 1653 μενοι.
342 1603 402 1641 Βδ
428 1604 452 1641 8
480 1602 623 1651 ἧμαρτέ
648 1616 685 1639 τε
713 1606 777 1639 καὶ
819 1602 1026 1653 ἐκολάσθη.
1090 1605 1126 1640 Γ
1121 1618 1147 1640 α
1176 1605 1196 1641 1
1227 1603 1381 1641 διώκειν
1405 1618 1443 1641 τε
1470 1605 1536 1640 καὶ

157 1674 365 1719 μαρτυρεῖν
392 1666 503 1705 κατά.
558 1668 615 1704 Γα
643 1668 667 1706 6
694 1666 841 1706 τύπτων
867 1682 904 1705 τε
932 1670 997 1705 καὶ
1023 1669 1181 1716 πνίγων.

263 1734 371 1781 Quae
399 1732 578 1782 exempla
605 1732 869 1771 demonstrare
896 1732 990 1771 mihi
1023 1733 1223 1784 videntur,
1258 1732 1535 1785 Antiphontem

158 1800 199 1839 in
238 1798 455 1849 tetralogiis
492 1789 692 1849 particulis
726 1797 885 1835 τέ-καί
922 1796 997 1837 duo
1038 1796 1208 1837 eiusdem
1236 1798 1389 1849 generis
1416 1798 1536 1838 verba
1563 1804 1567 1811 '

161 1865 246 1917 (aut
272 1864 514 1905 substantiva
542 1864 837 1914 pronominave,
879 1867 947 1903 aut
972 1863 1110 1915 verba)
1137 1863 1403 1915 conjunxisse,
1439 1864 1537 1903 nihil

160 1930 278 1971 aliud.
330 1930 467 1980 Itaque
494 1929 637 1980 verba,
667 1941 766 1979 quae
792 1929 957 1980 legimus
985 1929 1043 1977 Ββ
1072 1929 1091 1967 1
1121 1928 1268 1978 τολμᾶν
1293 1931 1342 1966 τά
1369 1942 1407 1967 τε
1432 1928 1537 1967 ἄλλα

161 1997 269 2046 παρὰ
298 1995 416 2046 φύσιν
443 1995 565 2041 λέγειν
592 1997 656 2032 καὶ
683 1994 786 2044 δρᾷν
812 1994 1013 2042 βιάζονται
1040 1995 1096 2035 sic
1122 1995 1214 2035 ferri
1250 2009 1328 2035 non
1367 1999 1538 2047 possunt.

160 2060 322 2101 Accedit
353 2072 444 2099 vero
489 2060 568 2098 alia
604 2071 743 2111 causa,
784 2072 861 2110 qua
892 2064 1017 2100 motus
1044 2060 1239 2111 Sauppius
1276 2060 1537 2112 conjecturam

161 2127 308 2177 τολμᾶν
333 2126 380 2165 τά
402 2140 439 2163 τε
467 2124 571 2163 ἄλλα
598 2128 663 2163 καὶ
690 2126 798 2176 παρὰ
817 2125 934 2176 φύσιν
963 2125 1087 2173 λέγειν
1113 2128 1179 2163 καὶ
1205 2125 1306 2177 δρᾷν
1342 2125 1538 2175 βιάζονται

161 2193 362 2244 proposuit
388 2191 452 2242 (cf.
481 2203 540 2242 ep.
568 2202 618 2229 cr.
644 2203 682 2241 p.
711 2191 783 2229 137
813 2192 898 2243 sq.).
959 2191 1037 2231 Sed
1073 2203 1304 2241 quamquam
1329 2191 1539 2231 conceden-

163 2258 254 2298 dum
281 2270 366 2297 esse
394 2260 504 2308 puto,
548 2256 780 2295 sententiam
815 2256 888 2296 loci
920 2256 1132 2296 mutatione
1165 2256 1234 2296 illa
1274 2257 1417 2308 optime
1454 2268 1539 2297 esse

162 2324 399 2371 restitutam,
427 2326 557 2360 tamen
585 2321 806 2371 conjectura
833 2321 901 2359 illa
928 2321 1023 2359 mihi
1050 2333 1127 2359 non
1153 2322 1357 2372 probatur,
1384 2323 1475 2371 quia
1500 2324 1540 2360 et

164 2388 250 2441 ipsa
284 2392 418 2428 contra
455 2387 580 2438 legem
616 2385 723 2426 illam
758 2390 917 2437 pugnat.
978 2386 1086 2434 Quae
1113 2399 1197 2427 cum
1222 2386 1279 2427 ita
1308 2387 1404 2439 sint,
1445 2388 1539 2439 puto

166 2455 348 2505 scriptum
376 2454 496 2492 fuisse
522 2453 668 2500 τολμᾶν
695 2452 744 2489 τοί
774 2466 812 2489 τε
847 2452 952 2489 ἄλλα
979 2452 1090 2501 παρά
1116 2466 1153 2489 τε
1181 2452 1299 2502 φύσιν
1326 2452 1450 2500 λέγειν
1475 2452 1541 2488 καὶ

165 2519 265 2571 δρᾷν
291 2518 497 2569 βιάζονται.
551 2517 796 2559 Conferenda
823 2522 912 2559 sunt
950 2530 997 2558 ea
1033 2518 1229 2571 exempla,
1267 2531 1366 2570 quae
1400 2515 1541 2569 collegi

165 2597 202 2636 p.
230 2586 265 2623 8.
329 2584 561 2634 Adjumento
610 2595 701 2622 vero
741 2583 984 2633 conjecturae
1019 2595 1130 2622 meae
1168 2587 1226 2622 est
1262 2595 1310 2622 ea
1336 2595 1410 2632 res,
1437 2580 1541 2632 quod

163 2652 205 2694 in
232 2649 448 2701 tetralogiis
474 2649 751 2701 particularum
776 2650 817 2688 τέ
832 2671 878 2679 -
893 2649 933 2687 τέ
949 2648 1167 2702 conjunctio
1192 2648 1445 2689 usitatissima
1471 2649 1541 2688 est.
