1695 2931
826 109 876 147 19

160 214 276 257 facile
299 212 540 266 intelligitur,
568 209 757 262 quomodo
784 209 859 248 hae
885 209 1067 250 lectiones
1094 211 1185 251 oriri
1207 210 1428 262 potuerint,
1454 214 1537 250 tum

159 279 351 320 sententia
375 278 604 316 mutationes
639 275 682 313 in
708 275 733 324 ἢ
767 273 852 318 ἐπί,
894 274 1190 326 δεδικασμένην,
1226 281 1283 326 τέ,
1320 273 1538 322 ἀνενεγκών

161 342 341 396 postulat.
406 341 533 391 Atque
575 351 708 379 omnes
745 338 920 378 homines
946 340 1069 378 eritiei
1097 340 1168 379 has
1195 340 1426 380 mutationes
1453 341 1535 379 lau-

160 409 271 459 dant,
316 406 392 446 nisi
426 405 530 456 quod
555 404 774 444 Lindnerns
808 405 1037 455 particulam
1073 407 1138 443 καί
1178 407 1323 446 servari
1361 406 1443 446 vult
1470 405 1535 458 (ef.

158 471 395 521 Lindnerus,
433 469 482 508 de
520 481 648 507 rerum
675 467 928 518 dispositione
954 469 1060 519 apud
1085 470 1362 519 Antiphontem
1389 475 1427 509 et
1456 471 1535 509 An·

162 536 337 576 doeidem
351 539 524 575 oratores
538 534 677 573 atticos
692 534 972 583 commentatio,
999 533 1185 583 Upsaliae
1201 534 1332 585 1859).
1383 535 1535 575 Deinde

159 612 252 641 vero
293 611 426 640 omnes
452 603 603 638 ceterae
643 597 855 642 varietates
880 597 938 635 ita
963 602 1053 636 sunt
1079 602 1345 648 comparatae,
1381 603 1424 637 ut
1449 611 1535 638 sen-

158 665 281 705 tentia
321 664 428 703 nullo
462 662 576 702 modo
609 666 804 712 tangatur.
876 661 1014 711 Itaque
1050 674 1182 701 omnes
1220 661 1393 702 homines
1420 663 1535 715 docti,

161 729 226 781 qui
253 732 321 768 aut
345 728 387 767 in
413 740 467 768 or.
493 727 539 767 V.
566 731 635 767 aut
662 726 704 765 in
730 739 782 766 or.
796 726 861 765 VI.
889 726 1036 776 aliquid
1063 731 1268 777 mutarunt,
1294 727 1335 765 id
1362 727 1536 768 fecerunt

160 807 238 834 non
265 794 357 844 qnia
385 793 577 833 sententia
599 792 852 831 mutationem
879 792 1113 842 postularet,
1140 792 1210 831 sed
1236 792 1329 842 quia
1355 793 1454 832 alter
1481 794 1536 834 lo-

160 870 227 898 eus
253 858 416 897 alteram
445 857 604 896 haberet
629 855 843 895 lectionem.
911 856 972 894 Ita
998 856 1183 895 Reiskins
1216 855 1380 899 adnotat
1405 857 1456 895 ad
1482 870 1536 898 or.

159 924 225 963 VI.
251 923 371 962 verba
397 923 472 959 κᾶν
501 922 613 973 „lege
640 933 662 960 e
689 921 880 971 superiori
908 921 1084 972 exemplo
1111 920 1240 965 ἄλλως
1265 935 1303 959 τε
1328 925 1394 958 καὶ
1419 922 1535 973 ἄχνας

160 991 199 1027 et
224 986 276 1026 ad
303 988 376 1024 νῦν
393 1036 395 1038 ¹
412 985 538 1039 „quod
572 999 597 1025 a
623 985 810 1037 superiori
846 985 1023 1037 exemplo
1061 986 1191 1036 abest,
1227 986 1334 1025 uncis
1359 986 1532 1026 inclusi.“

160 1052 289 1092 Editio
305 1064 397 1091 vero
410 1051 675 1091 Turicensium
697 1055 735 1089 et
762 1051 880 1090 editio
897 1051 1186 1090 Maetzneriana
1212 1056 1414 1101 praeterea
1440 1052 1537 1091 nihil

159 1120 319 1155 mutant.
384 1116 560 1155 Blassius
597 1119 727 1154 autem
763 1115 804 1153 in
839 1118 1032 1165 apparatu
1059 1115 1189 1154 critico
1216 1115 1378 1154 adnotat
1403 1116 1455 1154 ad
1482 1129 1536 1157 or.

159 1182 205 1221 V.
231 1182 351 1221 verba
376 1184 439 1231 τῆς
466 1181 572 1231 δίκης
599 1182 813 1219 νικᾶσθαιε
843 1181 905 1232 „15
919 1184 1011 1219 ante
1030 1179 1137 1231 δίκης
1150 1180 1284 1220 addidi
1301 1181 1386 1220 coll.
1412 1182 1475 1232 VI,
1498 1183 1535 1230 5,

159 1257 235 1296 quo
263 1245 347 1285 loeo
375 1245 472 1284 duce
498 1245 615 1284 etiam
642 1243 773 1288 ἄλλως
799 1258 835 1282 τε
857 1257 942 1284 eum
958 1245 1168 1296 Spengelio
1194 1245 1400 1284 delendum
1415 1246 1532 1285 erat.“

159 1311 279 1350 Varia
305 1311 423 1361 igitur
450 1314 509 1350 est
535 1310 725 1350 editorum
752 1310 863 1350 ratio.
917 1310 1029 1358 Quod
1047 1314 1176 1350 autem
1191 1310 1331 1350 attinet
1345 1310 1396 1350 ad
1410 1324 1536 1351 meam
1563 1346 1565 1348 ,

158 1375 400 1426 sententiam,
426 1379 531 1426 puto,
558 1375 655 1413 nihil
681 1378 836 1426 praeter
862 1375 950 1415 illos
976 1375 1092 1426 locos,
1120 1387 1215 1425 quos
1242 1387 1360 1427 supra
1387 1376 1441 1428 (p.
1469 1376 1535 1429 18)

160 1441 254 1492 dixi,
281 1452 366 1481 esse
392 1441 617 1480 mutandum
645 1451 769 1491 neque
796 1440 836 1480 in
864 1453 917 1481 or.
944 1441 990 1480 V.
1015 1453 1141 1492 neque
1167 1441 1209 1481 in
1236 1454 1292 1481 or.
1318 1442 1383 1482 VI.
1447 1443 1537 1484 Ete-

159 1507 259 1557 nim,
294 1517 524 1556 quamquam
564 1508 603 1543 et
635 1517 688 1544 or.
715 1506 761 1544 V.
788 1509 827 1544 et
856 1518 910 1544 or.
937 1506 1003 1544 VI.
1031 1507 1154 1545 verba
1191 1507 1355 1545 eandem
1391 1507 1537 1547 habent

159 1571 348 1622 originem
375 1592 426 1599 —
453 1582 544 1610 nam
571 1582 620 1609 ex
647 1569 782 1609 eodem
808 1570 892 1609 loeo
920 1570 1123 1621 communi,
1151 1582 1264 1620 quem
1290 1575 1441 1622 vocant,
1469 1571 1535 1611 de-

159 1639 313 1686 sumpta
351 1639 440 1675 sunt
477 1657 523 1663 —
565 1639 694 1674 tamen
729 1636 813 1685 ipse
840 1635 1038 1685 Antiphon
1078 1636 1278 1675 varietatis
1305 1641 1440 1676 auctor
1465 1650 1534 1688 pu-

158 1701 300 1741 tandus
326 1704 404 1750 est,
441 1700 506 1750 qui
532 1703 575 1739 ut
599 1699 758 1739 alterius
785 1700 969 1740 orationis
995 1699 1165 1751 speeiem
1192 1700 1391 1751 paululum
1431 1702 1533 1742 vari-

159 1770 257 1817 aret,
284 1766 367 1805 eius
391 1765 511 1805 verba
536 1766 592 1804 ita
618 1766 792 1804 mutavit.
854 1766 896 1805 Si
923 1778 1014 1805 vero
1042 1766 1142 1804 hane
1169 1766 1392 1806 mutationis
1417 1768 1534 1808 ratio-

159 1843 247 1872 nem
272 1831 393 1871 fuisse
418 1830 617 1882 ponimus,
654 1842 779 1881 neque
807 1830 855 1870 de
882 1830 1121 1881 negligentia
1156 1829 1324 1880 quadam
1357 1830 1534 1872 librario·

159 1905 262 1948 rum,
302 1908 427 1946 neque
453 1896 502 1934 de
529 1896 772 1946 grammatici
799 1895 1012 1936 hominisve
1039 1895 1142 1935 doeti
1167 1895 1343 1945 vestigiis
1370 1897 1534 1947 cogitari

158 1964 296 2012 potest.

264 2026 374 2072 Quae
401 2037 487 2064 eum
513 2026 569 2064 ita
596 2026 674 2064 sint
709 2029 748 2064 et
773 2025 916 2065 Blassii
953 2025 1174 2076 conjectura
1212 2025 1382 2076 (addidit
1415 2027 1533 2076 parti-

158 2090 283 2130 eulam
309 2091 349 2128 τέ
374 2090 415 2130 in
443 2102 496 2130 or.
509 2090 570 2142 V.)
602 2093 640 2129 et
653 2090 854 2142 Spengelii
882 2089 1072 2130 dubitatio
1100 2089 1165 2142 (de
1194 2090 1320 2142 priore
1347 2091 1533 2131 orationis

157 2155 223 2194 VI.
249 2155 437 2206 particula
462 2156 518 2205 τέ)
546 2155 761 2205 rejicienda
787 2159 827 2194 et
853 2156 894 2195 in
917 2155 1094 2195 codicum
1115 2155 1344 2196 lectionibus
1361 2156 1533 2207 aequies-

158 2219 322 2259 cendum
349 2223 421 2260 est.

262 2286 361 2325 Tum
386 2284 551 2335 legimus

261 2350 308 2401 V,
338 2350 386 2389 18
400 2349 548 2392 τούτοις
569 2349 645 2398 γὰρ
673 2347 721 2399 ἦν
744 2351 852 2386 τοῦτο
880 2350 1089 2400 συμφέρον,
1117 2351 1270 2399 πρῶτον
1294 2351 1367 2398 μὲν
1383 2361 1467 2400 sqq.
1482 2371 1534 2380 —

157 2413 288 2452 ἔπειτα
324 2414 573 2452 κακοπαθεῖν
611 2413 663 2463 τῷ
705 2411 853 2461 σώματι
876 2413 963 2458 τούς
989 2428 1026 2451 τε
1053 2413 1188 2464 φίλους
1220 2415 1537 2464 προθυμοτέρους

156 2478 256 2526 ἔχειν
283 2479 369 2523 τούς
395 2478 564 2527 ἐμαυτοῦ
591 2477 735 2521 τούτοις
760 2478 804 2515 τὰ
834 2478 960 2528 ψευδῆ
986 2484 1192 2529 μαρτυρεῖν
1219 2479 1244 2527 ἢ
1268 2478 1355 2527 ἐμοὶ
1380 2477 1536 2530 τάληθῆ

156 2542 301 2590 λέγειν,
337 2543 404 2581 διὰ
433 2543 500 2593 τὴν
525 2544 591 2580 τοῦ
619 2542 793 2592 σώματος
818 2545 1106 2581 κακοπάθειαν.
1133 2542 1281 2587 ὄνειδος
1306 2557 1344 2580 τε
1371 2540 1475 2596 αὐτῷ
1499 2558 1538 2582 τε

156 2607 244 2657 ἐμοὶ
269 2610 507 2658 περιέθεσαν
533 2608 598 2644 καί
624 2619 706 2658 sqq.
765 2607 832 2647 Bis
859 2607 978 2658 igitur
1003 2609 1087 2648 sola
1113 2608 1303 2659 particula
1329 2609 1370 2646 τό
1394 2608 1538 2659 verbis,

880 2676 883 2679 .
1193 2674 1218 2712 2
1231 2673 1254 2695 a
