1695 2931
790 136 846 178 ‘15

237 244 290 286 Ut
325 244 366 284 in
391 241 608 293 tetralogiis
634 241 676 281 in
701 241 826 293 prima
853 254 1002 294 quoque
1030 243 1203 284 oratione
1231 242 1307 284 duo
1330 243 1505 284 substan-

130 312 214 352 tiva
238 309 515 362 pronominave
541 311 580 347 et
606 307 681 347 duo
709 308 829 347 verba
854 309 1053 359 particulis
1080 311 1238 348 τέ-καί
1264 310 1502 362 conjungun-

130 381 193 417 tur
216 376 257 428 Ι,
290 376 358 424 20,
394 374 465 420 24,
505 374 568 413 28.
630 372 770 413 Cetera
808 373 986 426 exempla
1012 375 1140 415 omnia
1165 375 1251 428 plus
1278 375 1451 417 minusve
1477 387 1504 416 a

130 442 421 493 tetralogiarum
446 452 519 480 usu
545 438 739 480 recedunt.
791 439 918 490 Atque
942 440 1105 491 primum
1143 441 1315 492 quidem,
1351 455 1438 482 cum
1461 442 1503 482 in

131 506 346 558 tetralogiis
373 505 478 557 apud
502 504 714 556 particulas
740 505 871 542 ’τέ-τέ
896 506 1132 556 praepositio
1145 506 1186 545 in
1199 507 1320 546 altero
1333 507 1503 547 membro

132 573 296 625 repetita
320 572 382 623 sit,
409 560 485 611 uno
513 570 625 610 huius
652 569 838 610 orationis
864 570 949 610 loco
976 570 1080 621 apud
1106 571 1263 609 τέ--καί
1288 573 1503 613 semeltan-

133 641 215 676 tum
239 637 369 688 posita
394 639 453 675 est
487 636 527 686 Ι,
564 636 617 674 25
643 633 723 674 ὑπό
733 655 736 657 -
750 648 787 671 π
814 632 922 682 ὑμῶν
961 636 1027 671 καὶ
1060 636 1127 673 τοῦ
1159 634 1322 673 δικαίου.
1382 636 1504 676 Paulo

133 706 221 754 post
246 702 285 754 1,
323 702 372 741 27
409 701 507 742 haec
548 700 635 752 ipsa
660 700 781 740 verba
806 700 891 741 sola
916 700 1108 751 particula
1133 703 1199 737 καὶ
1224 701 1426 752 conjuncta
1452 703 1505 743 le-

132 770 275 818 guntur
310 765 377 816 ὗφ’
414 764 521 814 ὑμῶν
556 767 621 802 καὶ
654 767 718 803 τοῦ
754 764 919 802 δικαίου.
977 766 1191 804 Verborum
1222 765 1350 810 ἄλλως
1376 780 1414 803 ἰε
1440 768 1507 804 καί

133 831 372 884 conjunctio,
398 843 499 882 quae
525 831 566 870 in
592 830 808 882 tetralogiis
835 843 912 870 non
938 831 1225 882 inveniebatur,
1259 835 1387 871 exstat
1412 832 1443 883 Ι,
1469 832 1505 872 5.

130 896 303 946 Longius
330 900 369 936 et
395 909 420 934 a.
446 896 743 945 tetralogiarum
770 908 843 935 usu
869 900 908 935 et
935 908 959 934 a
985 896 1139 946 vulgari
1166 896 1401 936 Graecorum
1428 909 1505 936 ser-

131 973 243 1002 mone
268 961 413 1002 recedit
439 961 648 1012 singularis
676 960 953 1014 adjectivorum
980 961 1011 1012 1,
1040 962 1090 1000 14
1116 960 1237 1006 καλός
1262 976 1300 999 τε
1326 961 1507 1008 κάγαθός

133 1027 370 1079 conjunctim
398 1040 487 1066 nam
515 1027 622 1066 nulla
651 1027 732 1067 fere
759 1028 962 1067 verborum
978 1027 1197 1078 conjunctio
1213 1028 1318 1078 apud
1336 1028 1505 1067 Graecos

131 1095 211 1131 tam
236 1091 348 1132 firma
375 1095 491 1143 atque
517 1095 596 1131 tam
623 1092 767 1132 usitata
807 1095 886 1142 est,
922 1104 1037 1142 quam
1076 1091 1351 1144 adjectivorum
1387 1092 1507 1138 καλὸς

132 1155 325 1205 κάγαθός,
353 1148 453 1207 quae
479 1157 633 1208 quidem
659 1161 770 1196 tanta
797 1161 881 1197 erat
915 1158 1117 1208 firmitate,
1162 1162 1203 1197 ut
1237 1158 1328 1197 inde
1364 1170 1506 1198 novum

132 1221 414 1262 substantivum
438 1222 715 1269 καλοκαγαθία
742 1225 973 1263 nasceretur.
1037 1222 1222 1263 Similiter
1247 1235 1339 1264 vero
1365 1223 1407 1263 in
1433 1223 1506 1264 hac

135 1286 223 1339 ipsa
248 1287 374 1339 prima
400 1288 573 1328 oratione
601 1288 885 1340 conjunguntur
910 1290 935 1337 ξ
962 1289 1012 1327 23
1040 1286 1214 1337 α’βούλως
1240 1303 1276 1326 τε
1294 1288 1506 1334 καὶᾶθέως

135 1351 201 1404 (of.
226 1354 342 1405 paulo
369 1357 459 1394 ante
486 1357 510 1404 ξ
524 1355 575 1394 22
602 1353 736 1399 α’θέως
762 1355 827 1391 καὶ
854 1352 1028 1405 α’κλεῶς).
1081 1353 1158 1394 Sed
1185 1354 1302 1394 etiam
1312 1354 1506 1395 interdum

134 1419 240 1471 apud
276 1423 413 1471 poetas
448 1423 486 1461 et
520 1433 608 1460 raro
649 1420 754 1472 apud
792 1419 942 1460 solutae
975 1419 1161 1460 orationis
1187 1421 1393 1472 scriptores
1421 1421 1505 1461 eius

133 1483 238 1524 modi
263 1485 466 1526 arctiorem
492 1486 693 1526 verborum
719 1484 1027 1538 conjunctionem
1054 1485 1231 1537 legimus.

238 1549 450 1591 Gollocatio
477 1552 679 1591 verborum
702 1551 862 1591 solutior
897 1554 956 1590 est
980 1551 1020 1590 in
1048 1540 1175 1590 verbis
1202 1551 1233 1602 Ι,
1259 1552 1312 1590 20
1337 1551 1441 1589 αἰτία
1467 1565 1505 1589 τε

134 1614 207 1665 ἤδη
245 1618 309 1669 καὶ
356 1616 626 1666 evomo-swa
666 1618 739 1660 ἕξει
784 1628 871 1655 cum
905 1616 1098 1667 particula
1132 1616 1205 1666 ἤδη
1238 1628 1316 1655 non
1351 1616 1405 1656 ad
1435 1617 1506 1656 illa

133 1680 266 1732 verba,
293 1693 394 1732 quae
419 1682 620 1733 particulis
648 1682 807 1720 τέ-καί
829 1681 1037 1733 conjuncta
1064 1681 1151 1732 sint,
1174 1681 1244 1721 sed
1269 1681 1322 1721 ad
1345 1682 1507 1722 verbum

135 1756 275 1796 regens
311 1747 384 1795 ἔξει
417 1750 571 1798 spectet.
635 1747 769 1796 Neque
803 1746 845 1785 in
879 1734 1094 1796 tetralo'giis
1127 1758 1251 1796 neque
1288 1747 1330 1786 in
1370 1747 1507 1788 ceteris

134 1811 373 1851 orationibus
395 1811 486 1852 talis
510 1812 714 1852 verborum
740 1811 941 1852 collocatio
967 1811 1171 1852 invenitur.

237 1877 392 1917 Primae
409 1887 411 1890 ·
430 1878 616 1918 orationis
651 1890 742 1918 usus
774 1890 822 1917 ea
847 1890 890 1918 re
916 1878 1084 1918 maxime
1110 1878 1160 1917 ab
1187 1890 1260 1917 usu
1284 1879 1508 1929 tetralogia-

138 1953 222 1981 rum
246 1942 414 1995 recedit,
441 1942 543 1995 quod
570 1942 769 1997 particulis
793 1943 950 1981 νέ-καῐ
976 1942 1092 1983 etiam
1118 1943 1313 1983 enunciati
1337 1944 1510 1986 membra

115 1999 430 2060 conjunguntur.
469 2011 659 2061 Exempla
685 2010 781 2049 haec
806 2014 919 2049 sunt:
946 2011 977 2059 I,
1008 2011 1056 2048 18
1083 2010 1176 2060 (bis)
1205 2009 1227 2047 ὁ
1253 2009 1445 2048 δἐιιπλετν
1469 2025 1507 2049 τε

131 2072 285 2122 μέλλων
311 2076 376 2112 καὶ
403 2072 492 2125 παρ’
521 2073 636 2124 ἀνδρὶ
661 2072 796 2127 ἑταίρῳ
823 2073 1004 2120 δειπνῶν,
1045 2073 1219 2119 σπονδάς
1244 2074 1275 2113 τ’
1307 2074 1508 2116 ἐποιοῦντο

135 2141 200 2176 καὶ
239 2139 452 2188 λιβανωτὸν
477 2138 575 2190 ὕπὲρ
602 2138 727 2180 αὑτῶν
753 2140 993 2178 ἐπετίθεσαν.

238 2204 315 2252 Qui
340 2207 486 2244 attento
513 2204 641 2244 animo
655 2204 865 2244 orationem
891 2204 988 2254 legit
1012 2214 1060 2242 ea
1086 2215 1127 2243 re
1154 2203 1239 2243 falli
1264 2216 1342 2244 non
1368 2208 1506 2258 potest,

134 2269 237 2320 quod
262 2270 363 2310 inter
387 2270 598 2322 particulas
623 2271 662 2308 τέ
679 2293 721 2299 -
739 2271 805 2307 καί
830 2270 953 2309 altera
978 2270 1169 2322 particula
1194 2271 1278 2321 καί,
1305 2283 1404 2321 quae
1430 2271 1507 2322 pri-

136 2334 193 2373 ori
219 2336 388 2375 membro
414 2335 563 2385 aliquid
588 2335 777 2382 adnectit,
817 2335 945 2386 posita
971 2338 1053 2382 est,
1079 2332 1127 2373 utv
1148 2335 1179 2385 Ι,
1205 2336 1227 2373 7
1256 2332 1366 2380 οὗτος
1391 2349 1429 2373 τε
1455 2337 1507 2374 ἄν

136 2396 358 2449 α’πελογεΐτο
385 2403 450 2439 καὶ
475 2400 705 2440 α’ντέσπευδε
731 2403 797 2438 καὶ
821 2400 844 2452 ἧ
872 2398 991 2452 μήτηρ
1017 2413 1099 2451 sqq.
1164 2401 1351 2442 Ultimum
1385 2403 1508 2443 affero

136 2467 371 2519 exemplum,
411 2467 513 2518 quod
538 2468 594 2507 ita
620 2470 882 2519 comparatum
909 2471 985 2518 est,
1019 2471 1061 2506 ut
1086 2467 1144 2515 id,
1185 2468 1288 2518 quod
1313 2468 1366 2507 ad
1391 2469 1506 2510 ambo

133 2533 306 2573 membra
327 2546 450 2585 aeque
472 2533 674 2586 pertineat,
695 2532 863 2573 medium
881 2533 1147 2585 interpositum
1163 2533 1232 2574 sit:
1260 2534 1291 2585 I,
1307 2535 1356 2575 15
1381 2534 1506 2589 ἐκείνῃ

136 2610 174 2634 'm
214 2600 281 2636 τὸν
318 2599 517 2649 Φιλόνεων
556 2598 673 2651 φίλον
711 2601 868 2649 ποιῆσαι
908 2600 972 2635 καὶ
1011 2596 1107 2652 αὐτῇ
1133 2599 1200 2636 τὸν
1226 2599 1320 2647 ἐμὸν
1345 2601 1506 2651 πατέρα.

137 2662 284 2705 Contra
322 2665 515 2706 Blassium
551 2664 734 2718 denique,
774 2665 841 2717 qui
877 2665 919 2705 in
954 2664 1123 2706 editione
1149 2678 1220 2706 sua
1246 2666 1278 2719 Ι,
1304 2667 1352 2706 31
1381 2665 1506 2707 dedit:
