1695 2931
810 103 864 143 34

146 210 188 251 in
215 222 271 251 or.
296 209 346 250 V.
373 211 413 250 et
438 207 506 248 VI.
532 206 631 247 nihil
659 207 891 259 respondet,
923 207 1000 249 nisi
1028 207 1133 259 quod
1161 207 1310 250 duobus
1337 220 1394 250 or.
1419 208 1468 250 V.
1495 208 1535 251 lo

144 276 202 317 cis
228 276 327 316 haec
352 273 538 315 orationis
563 273 688 312 torma
714 277 880 324 apparet
906 273 970 325 (V,
997 274 1062 325 79,
1089 274 1174 325 80):

562 338 637 389 μέν
666 360 712 367 -—
738 339 812 388 μέν
838 361 889 368 -
916 337 963 377 δέ
986 361 1039 369 —-
1066 337 1112 377 δέ

599 411 1089 430 ——d

761 384 937 407 g—nu--d

248 485 363 534 Quod
398 485 615 526 orationum
652 485 857 527 discrimen
892 485 1077 526 facillime
1110 484 1299 538 explicari
1329 488 1459 537 potest
1485 492 1534 526 ea'.

141 563 196 603 re,
222 551 327 602 quod
352 551 584 602 tetralogiae
611 564 689 592 non
715 552 769 592 ad
793 564 906 592 usum
931 551 1125 592 forensem
1143 550 1213 591 sed
1239 547 1529 591 exercitationis

141 628 282 668 causa,
320 616 397 657 hae
421 628 514 657 vero
542 617 739 658 orationes
766 629 813 658 eo
840 616 1013 669 consilio,
1053 620 1097 657 ut
1121 617 1161 656 in
1184 615 1333 668 judicio
1360 615 1528 657 diceren-

137 686 220 730 tur,
261 682 430 734 scriptae
457 687 557 723 sunt.

241 761 465 801 Particulae
489 761 564 810 μέν
589 761 746 811 saepius
782 772 861 800 non
897 760 1106 812 respondet
1131 760 1325 812 particula
1353 759 1416 812 δέ,
1455 753 1526 801 sed

135 826 218 867 alia
244 825 449 877 quaedam,
475 825 539 865 vel
565 825 721 865 omnino
749 825 877 865 nulla:
905 825 951 876 V,
980 826 1031 864 10
1058 827 1211 876 πρῶτον
1236 826 1311 874 μέν
1324 847 1374 854 —
1394 824 1524 864 ἔπειτα

135 897 175 933 et
200 891 339 933 eodem
365 891 482 931 modo
510 891 683 942 sequitur
709 890 935 942 simpliciter
962 889 1093 929 ἔπειτα
1120 890 1166 942 V,
1196 890 1266 941 18;
1301 890 1368 940 VI,
1397 891 1433 941 8,
1448 889 1524 943 ⁷11,

135 958 196 998 19.
264 957 312 1008 V,
341 957 391 996 14
418 961 457 996 et
483 954 550 1007 VI,
577 957 602 996 2
642 955 812 1006 ὑπάρχει
837 956 911 1005 μέν
953 979 997 984 -
1036 955 1178 995 ἔπειτα.
1246 956 1292 1007 V,
1322 957 1357 1006 8,
1384 957 1421 1008 9,
1448 957 1522 1020 213

130 1023 198 1064 VI.
226 1023 288 1074 15,
317 1023 366 1062 12
391 1024 550 1072 πρῶτον
573 1022 658 1071 μέν,
688 1021 750 1061 cui
776 1021 942 1061 alterum
958 1022 1173 1062 membrum
1196 1034 1274 1062 non
1301 1021 1521 1074 respondet.

130 1089 178 1139 V,
207 1090 258 1128 19
293 1089 367 1138 μέν
395 1110 445 1117 -
480 1089 634 1139 μέντοι,
676 1099 776 1138 quae
812 1087 1089 1139 particularum
1125 1088 1324 1139 responsio
1364 1088 1520 1139 saepius

128 1153 324 1194 invenitur
359 1152 425 1205 (cf.
456 1166 495 1204 p.
528 1153 619 1203 52),
653 1153 699 1204 V,
735 1153 809 1203 863
845 1153 911 1200 VI,
946 1153 989 1202 3,
1031 1153 1100 1203 18,
1136 1153 1197 1192 22.
1267 1153 1313 1203 V,
1349 1152 1401 1192 52
1445 1153 1519 1201 μέν

127 1220 330 1257 -καίτοο,
382 1218 450 1268 VI,
479 1218 529 1256 14
556 1217 855 1268 conjunguntur
880 1217 1095 1268 particulae
1119 1218 1192 1265 μέν
1206 1240 1241 1246 -
1260 1219 1338 1267 καί,
1364 1230 1442 1267 qua
1467 1217 1517 1258 de

126 1283 379 1325 anacoluthia
405 1282 502 1322 dicit
528 1282 775 1323 Hermannus
803 1282 856 1322 ad
882 1282 1070 1334 Vigerum
1104 1295 1141 1334 p.
1169 1283 1257 1323 839.
1327 1282 1373 1334 V,
1400 1283 1449 1323 57
1478 1286 1518 1324 et

126 1349 179 1389 25
204 1346 451 1398 μέν-ἄλλοί.

235 1427 402 1479 Saepius
440 1425 634 1478 particula
671 1427 745 1475 μέν
780 1426 822 1465 in
856 1425 1020 1477 apodosi
1045 1425 1184 1466 iterum
1210 1426 1338 1477 posita
1364 1429 1424 1466 cst
1449 1425 1515 1478 (cf.

123 1505 162 1544 p.
188 1492 283 1542 32):
318 1492 366 1542 V,
393 1491 466 1541 30,
507 1491 581 1540 54;
618 1490 685 1540 VI,
713 1492 749 1529 9.
802 1491 850 1529 In
888 1490 1066 1530 omnibus
1098 1490 1286 1541 exemplis
1321 1491 1515 1541 particula

123 1555 170 1595 δέ
195 1555 317 1597 semel
343 1558 494 1595 tantum
520 1554 650 1606 posita
676 1554 860 1605 sequitur.

226 1703 440 1743 Praeterea
467 1705 507 1741 et
531 1701 573 1741 in
598 1700 817 1753 tetralogiis
843 1705 883 1741 et
917 1702 960 1741 in
987 1701 1124 1742 ceteris
1151 1702 1389 1744 orationibus
1415 1716 1510 1745 nou·

120 1768 230 1808 nulla
256 1770 412 1807 exstant
438 1767 629 1817 exempla,
655 1766 722 1805 ubi
742 1767 959 1817 enunciato,
986 1768 1047 1806 cui
1063 1768 1254 1818 particula
1273 1770 1347 1817 μέν
1372 1769 1509 1810 addita

118 1837 198 1884 cst,
234 1832 400 1873 alterum
441 1831 687 1871 enunciatum
722 1831 878 1872 omnino
908 1844 988 1872 non
1014 1831 1234 1884 respondet.
1299 1833 1363 1874 Ad
1389 1846 1507 1875 unum

115 1898 254 1939 horum
280 1897 545 1949 exemplorum
571 1896 734 1937 adnotat
760 1897 1008 1937 Maetznerus
1045 1897 1098 1949 (p.
1128 1897 1241 1949 153):
1285 1902 1376 1950 „aut
1401 1911 1507 1951 pror-

114 1976 181 2006 sus
208 1964 390 2005 omissum
418 1966 477 2003 est
505 1963 722 2002 membrum
752 1974 774 2002 e
801 1962 1080 2003 sententiarum
1106 1975 1210 2004 nexu
1238 1964 1506 2018 supplendum,

113 2033 183 2070 ant
210 2029 414 2069 immutata
441 2027 628 2068 orationis
655 2027 794 2078 forma,
820 2028 869 2067 iis
895 2028 1002 2079 ipsis,
1031 2040 1131 2079 quae
1156 2033 1379 2080 sequuntur,
1404 2029 1507 2071 inest

111 2095 306 2137 sententia
333 2093 512 2146 opposita
539 2092 606 2144 (cf.
632 2106 671 2145 p.
696 2094 749 2133 32
776 2097 816 2134 et
841 2094 916 2144 34,
958 2093 1024 2133 ubi
1052 2093 1165 2134 huius
1193 2094 1348 2145 generis
1376 2107 1504 2136 exem-

108 2159 177 2213 pla
204 2159 356 2212 attuli),
395 2161 465 2198 aut
507 2157 675 2208 denique
701 2161 859 2209 propter
896 2158 1106 2197 enunciata
1133 2170 1220 2198 cum
1247 2171 1293 2199 eo
1320 2160 1505 2212 membro,

106 2226 151 2267 in
177 2238 254 2278 quo
279 2225 354 2274 μέν
366 2224 560 2276 particula
587 2222 763 2273 infertur,
792 2223 1001 2274 conjuncta
1019 2223 1192 2275 illudque
1208 2225 1502 2277 amplificantia,

107 2291 295 2331 orationis
336 2290 570 2342 principium
607 2289 772 2328 dicentis
811 2289 875 2327 vel
915 2276 1119 2329 scribentis
1150 2291 1281 2330 animo
1319 2290 1501 2331 excidit“.

106 2356 185 2399 Sed
226 2356 368 2398 rectius
394 2354 685 2395 Baeumleinius
726 2354 768 2406 (l.
796 2366 828 2394 c.
855 2367 891 2406 p.
922 2354 1033 2407 152),
1073 2367 1095 2395 e
1129 2356 1305 2397 Platonis
1341 2356 1501 2398 Critone

105 2423 159 2463 43
185 2423 222 2461 D
249 2422 371 2462 verba
397 2421 584 2460 afferens:
626 2420 731 2458 οὔτοι
765 2418 813 2469 δὴ
849 2418 1033 2470 α’φτκται,
1074 2420 1175 2459 ἀλλὰ
1205 2421 1313 2460 δοκεῖ
1336 2422 1410 2471 μέν
1433 2434 1501 2471 μοι

105 2487 211 2540 ἥξειν
251 2488 434 2539 τήμερονε
477 2487 580 2539 „Der
620 2489 835 2537 gegensatz
877 2497 1006 2537 gegen
1048 2485 1094 2526 οὐ
1120 2509 1172 2516 -
1198 2485 1363 2538 α’φτηαι
1401 2487 1500 2528 wird

105 2553 227 2593 durch
253 2550 360 2590 α’λλοί
386 2551 674 2603 ausgedruckt3
712 2548 786 2600 μέν
811 2550 939 2602 dient,
976 2563 1040 2591 um
1068 2551 1180 2590 δοκεῖ
1203 2564 1251 2592 zu
1277 2553 1499 2603 bestatigen

102 2618 185 2667 und
210 2616 536 2659 hervorzuheben.
605 2616 824 2657 Stallbaum
864 2616 1046 2659 bemerkt
1085 2630 1193 2658 zwar
1231 2617 1317 2659 hier
1342 2616 1424 2659 und
1448 2629 1499 2660 zu
