1695 2931
820 116 874 158 40

150 223 277 276 potuit
310 235 427 274 quam
454 223 526 261 νῦν
554 217 605 272 δή
616 237 626 272 ;
669 234 760 261 nam
801 233 888 261 cum
921 224 1040 261 antea
1074 232 1141 261 reo
1177 220 1219 259 in
1256 224 1422 261 mentem
1462 233 1541 262 non

150 288 324 338 venerit,
357 299 438 327 rem
465 287 522 326 ita
546 299 589 327 se
616 286 780 337 habere,
804 286 904 336 iam,
938 285 1185 326 accusatione
1212 285 1339 337 facta,
1379 298 1459 326 rem
1485 286 1543 327 ita

152 364 238 393 esse
264 352 459 402 intelligit.
512 352 667 402 Itaque,
706 355 747 390 ut
774 351 1003 403 saepissime
1038 350 1102 402 fit,
1126 350 1318 402 particula
1346 348 1394 401 δή
1422 351 1541 402 parti-

153 418 264 458 culae
283 420 354 457 νῦν
365 417 501 457 addita
517 422 586 457 est.
623 417 821 456 Particula
837 415 897 468 δή,
924 428 1009 456 cum
1032 416 1158 456 locum
1179 416 1378 468 proprium
1399 415 1543 456 habeat

153 487 242 534 post
268 483 375 521 illam
402 493 554 532 vocem,
590 493 707 531 quam
734 481 893 532 premit,
929 480 1122 520 interdum
1148 481 1229 519 alia
1256 480 1427 530 quadam
1452 493 1542 532 par-

153 547 272 587 ticula
299 548 351 586 ab
387 547 456 585 illa
485 558 581 586 voce
608 546 836 598 sejungitur.
902 546 964 585 Ita
998 545 1235 586 invenimus:
1274 544 1337 585 Αδ
1362 547 1387 585 2
1414 546 1543 584 καινά·

153 625 248 650 vata
274 612 348 662 γὰρ
377 610 424 662 δὴ
453 610 710 660 διαβάλλουσί
734 624 806 660 με,·
833 624 924 650 nam
948 604 998 661 δή
1018 611 1185 662 pertinet
1199 611 1251 650 ad
1264 611 1543 662 superlativum

153 688 375 713 καῦνθΐαῑα.

258 740 369 781 Unus
406 740 528 781 codex
556 741 611 791 N,
647 740 756 781 cuius
792 740 997 780 lectionem
1024 740 1266 780 Maetznerus
1304 743 1343 779 et
1369 739 1543 780 Blassius

154 807 404 855 receperunt,
444 804 608 855 praebet
645 802 705 843 Βδ
724 804 747 843 8
781 802 1063 852 κεκολασμένον
1090 802 1133 840 δὲ
1160 804 1227 841 τοῦ
1249 802 1545 847 ἀποκτείναντος

155 866 225 905 οὐκ
261 867 495 919 ἀτιμώρητος
521 867 543 905 ὁ
565 867 690 917 φόνος
716 867 838 912 ἐστίν,
879 866 1029 915 ἔχοντος
1063 881 1105 913 γε
1138 866 1186 918 δὴ
1222 867 1290 917 τὴν
1329 866 1440 918 δίκην
1476 866 1543 907 τοῦ

156 933 328 982 φονέως,·
355 933 471 972 ceteri
498 932 652 972 codices
678 932 910 982 particulam
937 931 986 982 δή
1012 932 1202 971 omittunt.

261 997 358 1036 Cum
385 1000 590 1048 praeterea
629 996 778 1035 nullum
815 996 1033 1047 exemplum
1071 995 1313 1047 inveniatur,
1352 995 1539 1047 videmus,

156 1074 319 1114 parvam
348 1073 433 1101 esse
461 1061 575 1101 huius
602 1061 817 1112 particulae
843 1061 885 1100 in
913 1061 1133 1111 tetralogiis
1156 1062 1407 1113 provinciam,
1433 1073 1542 1112 prae-

155 1127 288 1167 sertim
327 1139 413 1167 cum
450 1126 569 1166 etiam
610 1138 681 1166 eae
717 1126 947 1178 particulae,
983 1138 1083 1176 quae
1120 1138 1206 1166 cum
1241 1126 1315 1166 hac
1352 1126 1543 1178 particula

155 1192 392 1242 compositae
414 1195 516 1242 sunt,
538 1192 667 1242 cogito
684 1191 733 1230 de
758 1190 867 1241 δῆτα,
896 1191 1047 1242 δήπου,
1071 1191 1216 1241 ἐπειδή,
1242 1204 1319 1232 non
1334 1195 1544 1243 usurpatae

154 1256 244 1296 sint.
278 1256 413 1306 Neque
428 1267 520 1296 vero
542 1256 584 1295 in
600 1256 776 1296 oratione
799 1256 826 1295 I.
849 1267 911 1295 res
933 1255 1046 1310 aliter
1058 1268 1101 1295 se
1124 1255 1262 1306 habet3
1289 1268 1380 1295 nam
1394 1255 1544 1296 duobus

159 1324 311 1360 tantum
337 1320 435 1360 locis
461 1320 628 1370 legimus
655 1320 805 1369 δήπου,
843 1332 920 1369 qua
948 1320 996 1359 de
1022 1321 1214 1370 particula
1241 1320 1344 1359 infra
1370 1332 1543 1370 agemus.

268 1384 390 1425 Multo
414 1387 543 1424 autem
557 1384 854 1435 frequentiorem
869 1383 1084 1436 particulae
1112 1383 1162 1435 δή
1189 1396 1298 1425 usum
1326 1385 1544 1426 invenimus

159 1450 200 1490 in
229 1450 471 1491 orationibus
497 1451 543 1490 V.
571 1454 610 1490 et
623 1451 687 1490 VI.
741 1451 867 1500 Atque
894 1451 1057 1501 primum
1085 1451 1238 1500 quidem
1265 1452 1430 1502 simplex
1455 1464 1544 1502 par—

156 1514 278 1553 ticula
320 1514 380 1554 his
416 1514 512 1554 locis
549 1515 759 1567 reperitur:
797 1515 843 1566 V,
878 1515 929 1554 36
967 1515 1062 1566 φέρε
1097 1515 1171 1566 γὰρ
1205 1514 1252 1566 δὴ
1288 1520 1432 1568 ποτέρῳ
1471 1517 1545 1555 νῦν

158 1579 365 1631 χρήσονται
404 1581 480 1618 τῶν
521 1579 659 1628 λόγων.
733 1581 944 1621 Notissima
989 1585 1049 1621 est
1087 1581 1367 1622 exhortationis
1407 1582 1545 1634 forma,

158 1645 259 1694 φέρη
286 1644 337 1694 δή
370 1657 484 1694 quam
519 1646 594 1685 hoc
628 1646 712 1685 loco
748 1646 955 1696 habemus,
994 1646 1051 1684 ita
1086 1650 1234 1696 tamen,
1275 1649 1317 1684 ut
1351 1646 1545 1697 particula

157 1709 233 1758 γάρ
269 1709 399 1749 media
433 1711 485 1749 sit
519 1710 758 1761 interposita.
819 1711 896 1762 (De
932 1710 1129 1761 particulis
1163 1712 1206 1757 γὲ
1243 1710 1293 1761 δή
1328 1710 1543 1762 conjunctis

158 1774 249 1813 vide
276 1786 394 1825 supra
421 1779 460 1814 et
486 1788 522 1826 p.
549 1775 631 1826 44).
684 1775 779 1814 Cum
806 1776 999 1826 particula
1026 1776 1099 1824 μέν
1124 1775 1315 1826 particula
1343 1774 1393 1826 δή
1419 1776 1543 1816 tribus

156 1838 253 1879 locis
275 1839 483 1892 conjuncta
511 1843 569 1879 est
585 1840 619 1879 V
636 1840 699 1892 51,
727 1841 790 1880 63.
846 1841 923 1894 (De
950 1841 1011 1881 his
1040 1841 1192 1881 duobus
1217 1840 1314 1881 locis
1340 1840 1388 1880 cf.
1412 1854 1449 1893 p.
1464 1841 1544 1894 36.)

263 1905 390 1944 Aliter
424 1905 559 1944 tertius
603 1906 711 1944 locus
746 1909 991 1956 comparatus
1028 1909 1105 1955 est;
1154 1918 1245 1944 nam
1281 1906 1337 1944 ibi
1376 1906 1545 1955 pertinet

155 1968 356 2020 particula
383 1967 434 2018 δή
460 1981 538 2009 non
574 1969 626 2008 ad
653 1970 884 2020 particulam
909 1971 1001 2018 μέν,
1038 1969 1108 2010 sed
1135 1969 1186 2009 ad
1222 1982 1357 2010 vocem
1396 1968 1545 2022 οὑτωσί,

156 2045 182 2073 a
210 2044 288 2083 qua
324 2045 420 2074 voce
455 2034 648 2085 particula
673 2036 747 2084 μέν
773 2035 1009 2086 sejungitur3
1049 2035 1265 2086 particulae
1304 2036 1377 2084 μέν
1416 2039 1545 2076 autem

156 2098 367 2150 respondet
406 2098 597 2149 particula
642 2100 792 2148 μέντοιε
832 2100 878 2149 V,
922 2100 970 2138 19
1011 2097 1147 2138 οὑτωσὶ
1183 2101 1255 2147 μὲν
1295 2098 1341 2149 δὴ
1383 2099 1545 2144 πολλοῖς

157 2161 399 2206 ἐλασσωθεὶς
425 2165 502 2199 τῶν
529 2161 664 2211 νόμων
691 2185 740 2191 -
769 2163 874 2211 ὅμως
898 2165 1027 2212 μέντοι
1055 2176 1136 2214 sqq.

261 2228 362 2268 Tum
398 2227 565 2278 legimus
600 2229 831 2280 particulam
869 2228 917 2279 δή
954 2233 1041 2280 post
1086 2229 1320 2281 adjectivum
1356 2230 1545 2281 positam:

155 2293 202 2344 V,
231 2293 281 2332 15
319 2294 365 2331 σὺ
401 2293 445 2331 δὲ
482 2294 604 2342 μόνος
639 2291 687 2342 δή
726 2305 827 2343 sqq.;
866 2293 1062 2343 significat
1097 2305 1189 2332 vero
1227 2292 1349 2343 μόνος
1383 2293 1432 2345 δή
1460 2305 1545 2345 ger·

155 2356 325 2397 manice:
364 2370 466 2409 ganz
494 2358 625 2399 allein.
692 2358 866 2398 Deinde:
903 2358 948 2409 V,
977 2358 1028 2398 82
1064 2357 1202 2397 πολλοὶ
1229 2358 1279 2409 δή
1307 2364 1545 2409 καταφανεῖς

153 2422 340 2467 ἐγένοντο.
395 2423 507 2462 Unus
543 2423 666 2463 codex
700 2423 736 2462 N
770 2423 951 2473 praebet:
995 2423 1042 2473 V,
1078 2424 1129 2462 73
1174 2429 1348 2471 κρεῖσσον
1383 2423 1431 2473 δὴ
1471 2423 1541 2473 χρὴ

155 2484 217 2523 αἐῖ
244 2488 449 2534 γίγνεσθαι
468 2489 508 2526 τὸ
538 2486 720 2539 ὑμέτερον
735 2486 954 2538 δυνάμενον
976 2500 1070 2540 sqq„
1096 2488 1210 2529 ceteri
1239 2487 1393 2530 codices
1411 2499 1544 2529 omnes

158 2552 326 2593 habent:
353 2559 527 2603 κρεῖσσον
554 2554 610 2599 δέ,
639 2554 743 2605 quod
770 2566 903 2595 omnes
930 2554 1097 2594 editores
1124 2555 1375 2594 retinuerunt.

261 2617 478 2659 Pronomen
506 2618 831 2660 demonstativum
853 2620 1011 2672 saepius
1037 2619 1229 2672 particula
1257 2618 1307 2671 δή
1335 2618 1535 2672 premitur:
