1695 2931
882 92 905 134 8

210 198 408 238 enunciati
433 199 565 250 ponit3
591 210 682 237 nam
710 198 902 238 interdum
932 198 984 248 id,
1011 198 1114 249 quod
1129 197 1180 237 ad
1195 197 1272 238 duo
1284 197 1458 238 membra
1472 209 1595 249 aeque

209 264 387 315 pertinet,
398 264 620 315 praemittit,
636 267 695 303 ut:
713 265 774 312 Αβ
780 265 805 303 2
817 263 902 312 ἐμοὶ
917 263 960 301 δὲ
971 263 1046 308 ζῶν
1055 278 1092 301 τε
1102 264 1318 312 ἄνθρωπος
1326 287 1362 294 -
1371 262 1597 303 ἀποθανών

209 343 247 367 τε
261 342 343 379 sqq.
386 329 448 368 Αδ
457 330 482 369 3
509 332 575 366 ἵνα
589 329 631 367 ἐκ
647 329 790 374 παντὸς
807 328 954 379 τρόπου
969 329 1124 374 τούτους
1138 343 1175 367 τε
1192 328 1512 377 ἐπιβονλεύοντάς
1529 343 1596 379 μοι

210 394 380 445 ἐμαυτόν
397 408 434 433 τε
452 393 726 443 ἀπολυόμενον
744 394 935 439 ἐπιδείξω.
987 397 1085 435 Tum
1112 395 1160 435 cf.
1187 396 1246 444 Ββ
1262 397 1280 434 1
1296 411 1306 446 3
1333 397 1370 433 Γ
1364 410 1391 433 α
1407 397 1451 445 7;
1478 397 1515 434 Γ
1510 395 1536 434 δ
1549 397 1594 447 3;

315 460 462 499 Eodem
472 460 584 499 modo
595 461 759 511 legimus
768 461 807 499 in
819 461 992 500 oratione
1002 461 1125 512 prima
1135 463 1158 510 ξ
1173 461 1221 500 18
1234 461 1470 509 μακρότερος
1481 459 1596 509 λόγος

211 527 262 563 ἄν
288 526 344 576 εἲη
372 528 458 575 έμοί
478 540 514 564 τε
534 526 797 577 διηγήσασθαι
812 525 901 575 ὑμῖν
928 527 957 564 τ’
975 524 1154 564 ἀκὸυσαι.
1206 527 1414 566 Praeterea
1440 526 1480 565 in
1508 539 1592 566 ora-

210 591 314 631 tione
333 592 458 642 prima
471 593 687 643 particulae
713 593 794 629 τέ-
807 593 844 629 τέ
860 592 1088 643 conjunctae
1111 592 1216 631 nullo
1235 591 1318 631 loco
1336 592 1594 631 inveniuntur.

317 657 475 707 Omnia,
517 670 617 708 quae
652 658 875 697 enumeravi
912 658 1108 709 exempla,
1141 657 1197 697 ita
1233 661 1323 697 sunt
1360 661 1596 709 comparata,

211 726 254 761 ut
279 724 492 773 particulae
518 726 665 762 τέ-τέ
700 724 752 763 ad
789 724 865 763 duo
901 725 1069 763 maxime
1096 724 1215 763 verba
1241 728 1425 774 spectent.
1491 724 1593 771 Qui-

211 787 284 825 bus
312 789 499 839 exemplis
533 801 661 839 pauca
689 788 781 828 addi
815 793 988 839 possunt,
1023 789 1063 827 in
1100 788 1238 838 quibus
1273 788 1488 839 particulae
1517 800 1594 827 non
1647 832 1649 836 ‚

211 856 290 891 tam
318 852 369 891 ad
396 854 552 904 singula
580 855 711 905 verba,
739 867 855 905 quam
872 854 923 893 ad
950 859 1071 893 totam
1090 854 1345 894 membrorum
1364 855 1594 894 sententiam

212 919 423 967 pertinent:
451 920 511 966 Αβ
529 921 573 959 11
605 918 642 957 οἳ
670 920 713 957 δὲ
732 914 932 964 διώκοντες
957 922 1020 970 τῆς
1046 934 1084 957 τε
1108 921 1278 969 ἀφορίας
1306 920 1419 956 αἴτιοι
1444 920 1594 965 γίγνον-

212 996 273 1019 ται
301 982 401 1031 ὑμᾶς
431 998 467 1020 τε
496 983 645 1032 ἀσεβεῖς
671 985 726 1029 εἰς
751 983 835 1028 τοῦς
862 985 982 1028 θεοὺς
1008 986 1212 1029 πείθοντες
1253 986 1484 1033 καταστῆναι
1513 996 1594 1034 sqq.

213 1049 268 1095 Γβ
298 1052 317 1087 7
359 1048 669 1097 ἐπιβουλεύοντες
707 1048 751 1087 τά
787 1064 825 1087 τε
859 1051 1006 1099 νόμιμα
1034 1052 1253 1097 συγχέουσι,
1291 1055 1422 1098 φονεῖς
1457 1062 1492 1086 τε
1518 1062 1594 1098 μου

211 1115 418 1161 γίγνονται.
481 1115 642 1153 Paulum
671 1116 722 1153 ab
749 1115 809 1153 his
837 1115 1024 1166 exemplis
1050 1115 1232 1154 recedunt
1267 1114 1387 1153 verba
1414 1115 1474 1162 Αβ
1500 1115 1524 1153 3
1552 1113 1593 1152 ἔκ

211 1192 249 1215 τε
278 1180 352 1228 γὰρ
381 1177 498 1218 αὐτοῦ
523 1183 589 1220 τοῦ
614 1180 727 1228 ἔργου
756 1181 925 1229 φανερὸς
949 1173 1152 1227 γενόμενος
1180 1178 1421 1230 ἀπωλλύμην
1449 1173 1593 1216 λαθών

211 1256 249 1280 τε
285 1246 422 1293 σαφῶς
457 1243 564 1297 ᾔδειν
596 1244 709 1295 τήνδε
748 1245 815 1295 τὴν
852 1246 1035 1292 τίποψίαν
1075 1257 1156 1294 sqq.
1224 1245 1324 1284 Nam
1361 1257 1591 1295 quamquam

212 1309 332 1348 verba
360 1312 536 1358 φανερός
562 1314 600 1349 et
627 1310 770 1347 λαθών
804 1310 878 1350 sibi
920 1309 1154 1361 respondere
1194 1310 1235 1349 in
1262 1314 1397 1361 aperto
1425 1314 1500 1360 est,
1535 1314 1590 1349 ta-

212 1386 300 1413 men
327 1375 516 1426 particula
543 1390 580 1413 τε
616 1388 749 1415 vocem
786 1376 955 1426 φανερός
992 1388 1068 1415 non
1106 1376 1278 1426 sequitur
1312 1375 1381 1416 sed
1415 1375 1455 1415 in
1481 1375 1592 1415 initio

212 1441 410 1479 enunciati
437 1441 563 1491 posita
590 1445 648 1480 est
672 1446 869 1491 tamquam
898 1453 1024 1480 comes
1057 1441 1271 1491 particulae
1298 1441 1374 1488 γάρ
1401 1445 1444 1479 ut
1469 1440 1510 1479 in
1537 1441 1592 1479 al—

212 1509 296 1544 tero
329 1506 506 1556 exemplo
535 1506 591 1542 Γα
621 1507 646 1545 2
674 1505 697 1543 ὅ
723 1520 760 1543 τε
785 1507 859 1555 γὰρ
888 1507 982 1550 θεὸς
1007 1505 1242 1555 βουλόμενος
1268 1507 1428 1556 ποιῆσαι
1453 1505 1496 1543 τὸ
1522 1505 1590 1543 α’ν-

214 1569 420 1618 θραίπινον
437 1572 546 1615 γένος
562 1572 648 1613 τούς
661 1572 812 1619 πρῶτον
824 1572 1052 1618 γενομένους
1064 1571 1205 1619 ἔφυσεν
1231 1569 1351 1619 ἡμῶν,
1379 1574 1593 1619 τροφέαςτε

213 1633 416 1683 παρέδωκε
431 1636 497 1684 τὴν
510 1638 581 1685 γῆν
595 1637 660 1671 καὶ
673 1635 739 1685 τὴν
753 1634 976 1671 θάλασσαν.
1029 1635 1190 1674 Remota
1203 1635 1303 1674 enim
1318 1639 1377 1674 est
1403 1635 1592 1686 particula

211 1700 251 1737 τέ
282 1712 308 1738 a
335 1700 451 1738 verbo
479 1700 633 1750 ἔφυσεν,
669 1700 771 1750 quod
798 1700 1004 1751 respondet
1029 1700 1158 1739 verbis
1184 1701 1351 1749 τροφέας
1378 1699 1591 1749 παρέδωκε.

211 1765 419 1804 Praeterea
445 1765 686 1805 Maetznerus
713 1766 923 1817 particulas
949 1767 1081 1803 τέ-τέ
1106 1778 1182 1804 non
1211 1765 1262 1804 ad
1289 1765 1443 1815 singula
1469 1766 1591 1805 verba

212 1830 282 1868 sed
311 1829 363 1868 ad
390 1830 592 1869 universas
619 1831 832 1870 sententias
870 1831 1063 1882 pertinere
1090 1835 1201 1881 putat
1226 1831 1267 1869 in
1295 1831 1355 1869 his
1380 1831 1509 1870 verbis
1536 1830 1593 1868 Γδ

215 1896 266 1934 10
292 1895 316 1932 ὅ
341 1909 379 1933 τε
404 1898 478 1944 γὰρ
507 1895 736 1940 ἀποκτείνας
760 1898 826 1935 τοῦ
858 1895 1135 1940 ἀποθανόντος
1154 1894 1271 1933 οὐδὲν
1289 1892 1405 1945 ἧσσον
1428 1901 1507 1939 τοῖς
1532 1895 1592 1933 αἶ-

211 1961 304 2004 τίοις
330 1960 618 2010 προστρόπαιός
644 1960 755 2008 ἐστιν,
783 1959 894 2005 οὗτός
924 1975 961 1999 τε
997 1959 1162 2005 ἀνοσίως
1189 1959 1429 2010 διαφθαρεὶς
1454 1959 1591 1997 διπλοί-

212 2038 296 2063 σιον
323 2028 525 2076 καθίστησι
539 2027 579 2063 τὰ
596 2028 746 2075 μίασμα
762 2028 837 2064 τῶν
853 2026 1057 2077 ἀλιτηρίων
1082 2033 1159 2071 τοῖς
1176 2025 1448 2064 ἀποκτέινασιν
1462 2025 1591 2065 αὐτόν.

211 2090 291 2130 Sed
317 2091 459 2130 rectius
486 2090 534 2129 de
562 2091 634 2129 hoc
661 2091 744 2130 loco
762 2096 924 2141 egerunt
947 2092 1143 2143 Sauppius
1171 2091 1352 2142 (epistola
1379 2091 1512 2130 critica
1540 2090 1592 2130 ad

212 2155 477 2196 Godotredum
504 2156 766 2195 Hermannum
792 2170 828 2208 p.
855 2158 906 2196 53
933 2162 972 2196 et
999 2158 1092 2207 138)
1119 2161 1158 2196 et
1185 2156 1404 2206 Briglebius
1431 2156 1497 2205 (cf.
1523 2169 1592 2196 zur

211 2221 343 2260 Kritik
361 2220 430 2260 des
446 2221 656 2272 Antiphon,
683 2233 812 2272 progr.
826 2222 1024 2273 gymnasii
1038 2221 1307 2261 Anclamensis
1337 2222 1434 2261 1861
1464 2234 1501 2272 p.
1525 2222 1591 2274 11)

213 2299 371 2337 quorum
422 2286 618 2326 hominum
664 2287 894 2338 conjecturis
930 2287 1058 2338 locus,
1101 2298 1213 2337 quem
1251 2291 1466 2338 corruptum
1506 2299 1592 2327 esse

213 2363 345 2391 omnes
372 2351 453 2391 fere
481 2352 746 2403 consentiunt,
784 2351 856 2391 hoc
891 2353 1005 2392 modo
1034 2353 1134 2392 bene
1161 2352 1357 2392 restitutus
1385 2356 1459 2392 est:
1505 2351 1528 2390 ὅ
1553 2365 1591 2390 τε

212 2417 287 2466 γὰρ
315 2416 544 2462 ἀποκτείνας
569 2419 702 2458 τούτου
730 2418 908 2470 (Saupp.)
936 2416 1213 2462 ἀποθανόντος
1240 2416 1356 2456 οὐδὲν
1381 2416 1489 2468 ἧττον
1513 2423 1592 2462 τοῖς

213 2482 348 2526 αἰτίοις
376 2482 664 2532 προστρόπαιόν
691 2484 795 2533 (cum
811 2484 894 2523 cod.
908 2484 954 2523 A.
976 2484 1137 2535 Saupp.)
1164 2483 1276 2528 ἐστιν,
1305 2479 1413 2527 οὗτος
1436 2496 1474 2520 ¹⁷⁶
1500 2481 1589 2521 ἄνθ·

212 2550 304 2592 σι’ως
331 2546 571 2597 διαφθαρεὶς
607 2547 816 2586 διπλάσιον
850 2550 1052 2600 καθίστησι
1090 2549 1131 2587 τὸ
1159 2548 1306 2600 μήνιμα
1334 2548 1490 2600 (Brigl.)
1515 2548 1590 2585 τιὸν

213 2613 420 2667 ἀλιτηρίων
451 2619 528 2659 τοῖς
554 2612 824 2654 ἀποκτείνασιν
850 2613 978 2656 αὐτόν.
