1695 2931
870 124 922 167 32

207 227 250 267 δὲ
277 234 355 274 τοῖς
381 228 484 276 ὠσίν,
515 222 613 267 οὕτω
643 251 690 258 -
731 227 897 278 ὑβρίζειν
923 230 996 279 μέν
1031 251 1081 257 ——-
1116 233 1334 282 σωφρονεῒν
1360 225 1407 268 δέ
1431 250 1484 259 -—-
1518 229 1592 267 νῦν

205 295 250 334 δὲ
275 294 415 333 πολλοὶ
440 296 514 344 μέν
537 318 592 325 —
619 294 757 334 πολλοὶ
784 293 830 332 δέ
855 307 937 346 sqq.

307 361 410 398 Raro
446 364 595 399 tantum
634 360 863 411 particulam
890 361 963 407 μέν
998 372 1076 399 non
1117 359 1289 409 sequitur
1313 358 1505 410 particula
1532 357 1589 409 δέ,

204 428 243 465 et
269 438 318 465 ne
344 438 461 465 unum
499 425 654 476 quidem
680 426 972 476 tetralogiarum
1006 424 1224 477 exemplum
1252 425 1392 465 afferre
1418 436 1588 476 possum,

203 491 244 529 in
271 502 345 539 quo
385 490 465 528 alia
501 490 693 539 quaedam
724 491 915 541 particula
952 490 1169 541 particulae
1209 489 1254 526 δέ
1293 490 1419 529 locum
1446 492 1589 528 teneat.

203 554 250 593 In
277 567 331 595 or.
359 555 389 595 I.
416 558 547 594 autem
574 554 725 595 duobus
758 555 853 595 locis
879 555 1112 607 particulae-
1129 555 1202 604 μέν
1228 553 1438 606 respondet
1463 554 1591 606 parti-

204 620 293 657 cula
320 618 423 655 οἷλλὰ
451 620 482 669 Ι,
511 621 560 658 13
588 624 627 658 et
655 621 715 658 18.

190 702 194 705 >
308 683 449 724 Paucis
475 683 643 735 denique
669 684 762 724 locis
779 683 971 736 particula
998 681 1043 721 δέ
1070 695 1148 722 non
1172 682 1355 734 sequitur,
1385 681 1477 733 quia
1505 693 1590 722 ora-

203 750 321 788 tionis
340 749 465 788 forma
490 750 690 800 paululum
717 754 896 799 mutatur,
925 749 987 787 vel
1016 748 1259 798 negligentia
1284 747 1453 797 quadam
1480 748 1590 786 omit-

204 813 307 853 titur.
382 814 443 854 Ita
469 814 599 853 verbis
627 813 683 851 Γδ
709 815 733 853 2
772 811 793 851 ὁ
822 815 894 863 μὲν
922 811 994 851 οὖν
1022 811 1177 851 διώκων
1204 810 1272 852 οὐκ
1299 811 1423 850 εἰκόσι
1452 825 1589 862 τεκμη-

205 880 301 928 ρίοις
325 877 522 927 χρώμενος
547 881 680 916 τοῦτον
705 879 771 916 τὸν
798 877 974 926 ἅρξαντοὶ
1014 889 1133 927 φησιν
1157 876 1258 914 εἶναι
1284 876 1520 927 respondent
1545 877 1586 915 in

205 943 455 994 paragrapho
481 944 597 982 tertia
623 943 762 982 verba:
791 942 829 980 οἳ
854 941 929 991 γάρ
955 942 1142 992 μάρτυρες
1158 943 1292 979 τοῦτόν
1320 952 1441 991 φασιν
1469 941 1588 990 ἄρξαι

205 1011 268 1060 τῆς
295 1009 451 1059 πληγῆς.
522 1010 619 1048 Tum
655 1010 729 1048 huc
767 1009 960 1060 pertinent
996 1008 1117 1048 verba
1152 1009 1207 1056 Γβ
1234 1008 1258 1046 2
1284 1007 1319 1045 εἰ
1344 1008 1416 1056 μὲν
1443 1005 1586 1057 σιδήρῳ

206 1071 411 1123 ἠμυνάμην
448 1072 591 1119 αὐτόν,
634 1072 792 1123 ἠδίκουν
827 1074 899 1121 μὲν
935 1071 1019 1109 οὐδ’
1057 1071 1175 1116 οὕτως
1211 1093 1263 1099 -
1304 1077 1388 1115 ταῖς
1414 1071 1458 1108 δὲ
1483 1073 1587 1120 χερσὶ

206 1138 437 1186 τυπτόμενος
471 1136 536 1178 ὑπ’
579 1137 698 1175 αὐτοῦ
732 1144 815 1181 ταῖς
849 1139 977 1186 χερσὶν
1013 1135 1114 1187 ἅπερ
1163 1135 1333 1185 ἔπασχον
1382 1135 1587 1185 α’ντιδρῶν,

206 1203 350 1251 πότεροι
380 1202 537 1250 ἠδίκουν
545 1219 559 1249 ,-
586 1203 828 1242 desideratur
856 1203 959 1245 enim
985 1202 1026 1240 in
1053 1201 1216 1252 apodosi
1230 1202 1455 1252 posterioris
1472 1198 1594 1240 mem-'

206 1267 268 1307 bri
294 1267 485 1319 particula
514 1267 569 1318 δέ,
597 1280 696 1318 quae
717 1267 950 1318 respondeat
976 1267 1192 1319 particulae
1215 1268 1290 1316 μέν
1315 1270 1402 1318 post
1420 1265 1589 1318 ἠδίκουν.

207 1332 268 1371 De
295 1332 368 1371 hac
396 1345 486 1371 vero
512 1333 788 1383 particularum
815 1333 888 1381 μέν
915 1354 965 1362 -
992 1332 1037 1369 δέ
1062 1332 1280 1382 iteratione,
1307 1332 1341 1371 si
1368 1335 1407 1371 et
1421 1332 1588 1382 protasis

208 1400 247 1435 et
272 1396 455 1447 apodosis
481 1397 619 1447 prioris
647 1397 805 1436 membri
833 1396 989 1447 habent,
1017 1395 1120 1446 quod
1146 1396 1187 1435 in
1211 1396 1356 1447 protosi
1371 1399 1410 1435 et
1423 1395 1588 1447 apodosi

207 1462 433 1512 posterioris
459 1461 618 1500 membri
646 1462 702 1500 eis
730 1461 989 1512 respondeat,
1017 1461 1111 1500 dicit
1137 1462 1381 1500 Maetznerus
1408 1461 1460 1500 ad
1487 1461 1588 1500 hunc

207 1527 333 1567 locum
363 1526 429 1578 (cf.
456 1527 480 1565 l.
508 1539 539 1566 o.
565 1540 603 1578 p.
632 1527 724 1579 187)
753 1531 792 1566 et
818 1527 1060 1577 Hartungius
1088 1527 1127 1579 (l.
1154 1539 1185 1566 c.
1211 1527 1231 1565 I
1257 1539 1294 1578 p.
1323 1527 1427 1578 172).

313 1592 438 1630 Aliter
478 1596 605 1630 autem
646 1604 708 1630 res
748 1604 790 1630 se
831 1592 950 1630 habet
984 1592 1024 1630 in
1061 1591 1245 1631 orationis
1273 1591 1422 1641 primae
1448 1591 1588 1638 verbis,

208 1668 308 1707 quae
346 1656 542 1708 Sauppius
578 1656 721 1708 optime
760 1656 928 1696 restituit
960 1656 1028 1708 (cf.
1067 1658 1150 1696 eius
1192 1668 1253 1707 ep.
1280 1668 1331 1696 cr.
1357 1669 1396 1707 p.
1422 1657 1473 1696 28
1512 1656 1585 1708 sq.)

207 1723 239 1772 1,
267 1724 291 1761 9
318 1723 426 1759 τοῦτο
453 1724 525 1769 μὲν
551 1722 625 1770 γὰρ
653 1720 831 1772 ἠθέλησα
857 1724 930 1770 μὲν
955 1723 1000 1759 τά
1029 1721 1171 1759 τούτων
1198 1720 1436 1771 α’νδροῖποδα
1462 1724 1587 1770 βασα-

207 1789 312 1825 νίσαι
343 1809 384 1815 -
415 1788 649 1835 βασανιστάς
676 1785 722 1824 δέ
741 1799 822 1837 sqq.
874 1787 975 1826 Nam
1000 1787 1068 1838 ibi,
1094 1790 1136 1826 ut
1163 1787 1327 1839 Sauppii
1353 1786 1474 1827 verba
1500 1799 1588 1827 mea

208 1852 364 1902 faciam,
391 1853 582 1903 particula
608 1854 681 1901 μέν
707 1853 768 1892 bis
794 1853 850 1891 ita
876 1853 1004 1903 posita
1033 1857 1101 1899 est,
1128 1857 1170 1892 ut
1196 1853 1361 1903 primum
1388 1853 1440 1892 ad
1466 1857 1586 1893 totam
1638 1898 1641 1900 ,

207 1921 359 1968 partem
385 1917 553 1967 priorem
581 1917 796 1956 sententiae
823 1917 1018 1968 pertineat
1044 1917 1156 1956 alteri
1183 1917 1419 1969 oppositam,
1447 1917 1587 1957 deinde

207 1982 346 2021 iterum
388 1982 424 2021 ei
464 1982 653 2021 vocabulo
681 1982 816 2022 addita
843 1983 914 2033 sit,
952 1983 1054 2033 quod
1080 1986 1313 2022 momentum
1340 1982 1460 2022 faciat
1487 1984 1527 2034 (l.
1556 1995 1589 2022 c.

208 2058 247 2096 p.
274 2045 355 2094 29).

315 2110 368 2163 Ut
409 2109 450 2148 in
486 2109 659 2148 oratione
699 2110 824 2161 prima
863 2111 1063 2162 particulis
1102 2112 1174 2159 μέν
1200 2133 1249 2139 -
1278 2109 1323 2148 δέ
1361 2110 1436 2150 duo
1467 2111 1589 2150 verba

208 2175 284 2216 sibi
324 2178 570 2226 opponuntur
623 2175 668 2226 V,
696 2175 767 2226 55;
822 2176 884 2215 82.
959 2175 1078 2216 Aliud
1118 2176 1304 2217 orationis
1352 2176 1509 2227 quintae
1549 2181 1587 2217 et

208 2245 343 2282 sextae
386 2240 592 2280 discrimen
633 2252 679 2280 eo
707 2241 938 2292 continetur,
980 2242 1082 2292 quod
1109 2242 1150 2281 in
1177 2254 1231 2282 or.
1257 2242 1302 2281 V.
1328 2242 1504 2294 saepius,
1544 2243 1586 2282 in

208 2319 263 2346 or.
289 2306 355 2345 VI.
382 2317 430 2345 ne
457 2306 575 2345 semel
601 2305 755 2355 quidem
796 2306 973 2345 transitio
1001 2307 1050 2346 ab
1077 2319 1153 2346 una
1181 2307 1232 2346 ad
1259 2307 1421 2347 alteram
1447 2307 1586 2348 oratio-

208 2371 269 2410 nis
318 2373 468 2422 partem
533 2370 733 2421 particulis
783 2371 856 2420 μέν
909 2393 957 2398 -
1001 2369 1046 2407 δέ
1097 2371 1150 2411 fit.
1204 2371 1251 2411 cf.
1298 2371 1351 2423 V,
1390 2372 1463 2422 213
1514 2371 1586 2423 253

210 2437 282 2486 313
311 2437 373 2475 60.

314 2501 374 2539 De
402 2500 677 2551 particularum
702 2502 775 2550 μὲν
801 2499 871 2539 οὖν
911 2500 1180 2553 conjunctione
1220 2500 1310 2540 vide
1337 2514 1374 2552 p.
1401 2502 1473 2552 383
1513 2502 1586 2541 hoc

209 2565 293 2605 loco
320 2564 524 2604 dicendum
552 2569 621 2615 est,
647 2565 754 2605 illam
782 2570 820 2606 et
854 2566 895 2605 in
923 2578 976 2606 or.
1004 2566 1048 2606 V.
1076 2570 1114 2605 et
1139 2566 1180 2605 in
1205 2579 1259 2606 or.
1286 2566 1352 2606 VI.
1379 2567 1430 2606 in
1447 2567 1586 2607 transi-

207 2630 379 2671 tionibus
404 2630 561 2682 saepius
588 2642 673 2670 esse
699 2635 934 2683 usurpatam.
