1695 2931
858 111 909 152 26

192 213 422 263 tribuuntur,
449 227 611 266 quarum
637 215 762 255 altera
787 217 980 267 particula
1008 216 1054 254 δέ
1081 216 1251 269 additur,
1278 220 1322 257 nt
1347 217 1574 270 saepissime

194 279 300 331 apud
326 280 425 320 alios
453 281 659 332 scriptores
686 281 735 321 ef.
762 282 1003 333 Hartungius
1029 282 1055 322 l.
1082 294 1114 322 c.
1139 283 1160 322 I
1185 296 1222 335 p.
1250 282 1326 323 169
1353 287 1393 323 et
1417 283 1572 325 Reinol-

192 343 265 383 dus
292 345 407 383 Klotz
432 346 457 384 l.
484 358 516 384 c.
541 358 579 396 p.
607 346 695 385 358.

297 408 395 448 Cum
432 409 509 448 iam
545 411 585 449 in
622 421 698 449 uno
735 410 797 449 vel
835 410 957 450 altero
998 422 1129 451 eorum
1156 411 1436 463 exemplorum,
1471 424 1573 463 quae

191 473 316 523 attuli,
341 474 401 512 vis
428 474 679 513 adversativa
714 475 801 524 plus
838 476 1013 515 minusve
1040 480 1249 527 appareat,
1285 477 1383 516 haec
1408 477 1576 518 maxime

191 538 233 578 in
259 542 395 590 aperto
422 543 480 578 est
506 539 547 578 in
574 539 635 579 bis
654 539 803 579 verbis:
831 540 893 578 Αα
913 541 938 579 2
963 535 1242 588 γιγνώσκοντας
1268 539 1339 579 οὖν
1374 539 1479 590 ὑμᾶς
1503 543 1572 593 χρὴ

192 605 310 643 ταῦτα
339 628 385 633 ——
416 603 524 655 ἡμεῖς
551 605 596 643 δέ
622 617 704 655 sqq.
757 606 818 653 Αβ
848 606 893 645 11
923 604 1194 655 ἀπολυόμενος
1218 608 1283 657 τῆς
1308 606 1434 651 ultim,-
1459 607 1575 656 ἔγωγε

191 671 322 719 paam·
347 692 402 700 —
427 668 465 708 οἳ
492 669 535 708 δὲ
563 668 760 715 διώκοντες
785 683 868 722 sqq.
919 671 1011 712 Alia
1039 672 1217 724 exempla
1243 672 1419 713 invenies
1445 673 1504 719 Ar
1531 675 1574 726 93

192 734 256 774 Ad
288 736 335 785 23
373 737 434 775 Βα
477 737 522 786 13
560 737 620 784 Ββ
655 738 701 786 83
747 738 803 783 Br
837 738 884 787 ὃς
925 738 986 777 Βδ
1020 739 1067 788 63
1116 737 1173 776 Γδ
1206 738 1356 787 231⁴&
1388 739 1426 778 4.
1488 739 1576 780 Om-

192 798 267 857 nia·
292 799 350 839 ita
385 804 474 839 sunt
516 804 759 851 comparata,
793 805 835 840 ut
871 803 1125 852 posteriorum
1164 806 1376 853 temporum
1403 806 1575 844 oratores

193 864 340 915 (cogito
384 865 571 916 imprimis
623 866 671 905 de
714 867 903 918 Isocrate)
957 868 1075 918 priori
1123 867 1293 907 membro
1342 868 1574 919 particulam

192 929 265 977 μέν
289 928 462 969 additur-i
489 929 643 969 fuerint.
705 930 783 969 Sed
810 935 911 970 recte
938 935 1068 970 monet
1091 931 1302 971 Reinoldus
1328 932 1447 971 Klotz
1476 932 1517 983 (l.
1543 944 1576 972 c.

193 1008 232 1046 p.
257 996 353 1034 357:
385 1000 550 1047 „ei-rant,
577 996 640 1046 qui
669 997 742 1044 μὲν
767 996 808 1035 in
835 996 962 1047 priore
988 996 1158 1036 membro
1193 997 1313 1036 tacita
1339 997 1575 1048 cogitatione

191 1059 471 1099 adsumendum
499 1072 584 1100 esse
623 1060 869 1099 existumant.
936 1060 1037 1107 Quia
1079 1062 1179 1099 enim
1218 1062 1325 1112 prius
1365 1062 1574 1101 membrum

193 1125 279 1165 sine
304 1125 384 1165 ulla
412 1125 667 1177 oppositionis
692 1125 977 1176 significatione
999 1126 1154 1177 ponitur
1179 1126 1221 1166 in
1247 1126 1308 1167 his
1334 1126 1440 1179 locis,
1466 1127 1574 1168 nulla

192 1192 383 1242 particula
407 1191 474 1230 illo
502 1191 674 1230 membro
702 1191 859 1242 adjecta
887 1192 982 1231 est“.

298 1256 407 1304 Quae
434 1268 520 1296 cum
547 1256 604 1296 ita
630 1256 707 1296 sint
735 1256 878 1296 Blassii
905 1256 1127 1308 conjectura
1154 1256 1211 1294 Γδ
1234 1257 1261 1295 4
1286 1256 1322 1294 εἰ
1333 1257 1406 1305 μὲν
1430 1256 1507 1306 γάρ
1524 1278 1572 1286 -

194 1324 265 1361 νῦν
291 1321 337 1359 δέ
371 1334 440 1373 pro
476 1321 585 1361 codd.
623 1322 787 1361 lectione
826 1321 861 1359 εἰ
885 1322 962 1370 γάρ
1003 1334 1294 1373 supervacanea
1334 1325 1404 1361 est.
1472 1321 1576 1375 Male

193 1398 287 1427 vero
322 1385 495 1426 codicem
521 1386 558 1426 N
603 1386 733 1437 (quem
760 1386 1004 1425 Maetznerus
1040 1390 1079 1425 et
1105 1386 1281 1426 Blassius
1319 1385 1439 1425 secuti
1467 1384 1573 1437 sunt)

191 1451 266 1499 μέν
291 1450 491 1489 addidisse
518 1450 580 1489 Ad
605 1452 630 1490 9
658 1451 736 1489 iam
762 1463 880 1501 supra
907 1450 989 1489 dixi
1014 1451 1067 1502 (p.
1094 1451 1175 1502 25).

298 1514 475 1554 Eundem
505 1515 717 1566 particulae
758 1514 803 1552 δέ
835 1527 946 1555 usum
981 1515 1199 1555 invenimus
1233 1515 1272 1566 1,
1300 1515 1325 1553 2
1365 1518 1403 1553 et
1439 1513 1574 1554 eodem

192 1579 328 1629 modo,
367 1583 410 1618 ut
445 1580 486 1618 in
520 1580 587 1618 illo
614 1580 791 1630 exemplo
819 1579 875 1617 Γδ
899 1580 946 1630 4,
984 1580 1019 1616 εἰ
1049 1603 1093 1608 -
1123 1581 1196 1617 νῦν
1223 1579 1268 1617 δέ
1293 1580 1368 1619 sibi
1396 1579 1574 1630 opposita

192 1648 283 1684 sunt
308 1644 338 1695 I,
366 1645 411 1683 11
453 1644 489 1681 εἰ
523 1641 625 1682 οὗτοι
651 1642 854 1695 ἠθέλησαν
880 1666 931 1673 -
962 1646 1035 1682 νῦν
1061 1643 1106 1682 δέ
1145 1656 1226 1695 sqq.
1291 1644 1500 1683 Praeterea
1525 1643 1575 1684 cf.

193 1710 224 1757 I,
254 1710 328 1760 163
357 1711 427 1760 193
456 1710 518 1749 28.

296 1775 357 1814 Ea
384 1779 515 1814 autem
541 1786 604 1825 re,
645 1774 749 1825 quod
784 1774 892 1826 prins
927 1774 1139 1814 membrum
1174 1774 1258 1813 sine
1285 1774 1478 1825 particula
1502 1773 1575 1823 μέν

191 1839 359 1890 ponitur,
385 1840 543 1890 saepius
571 1839 751 1889 efficitur,
792 1843 834 1878 ut
860 1840 1075 1890 particulae
1103 1838 1245 1877 δέ-δέ
1271 1839 1347 1879 sibi
1373 1839 1573 1890 oppositae

194 1914 279 1942 esse
305 1903 522 1943 videantur.
592 1903 672 1942 Sed
694 1903 875 1941 videntur
900 1907 1060 1941 tantum.
1129 1904 1230 1942 Nam
1267 1914 1330 1941 res
1366 1902 1463 1941 haec
1497 1905 1575 1941 est:

193 1968 406 2009 Accusator
441 1968 503 2008 vel
542 1981 648 2020 reus,
688 1972 893 2019 postquam
931 1967 1149 2008 adversarii
1188 1968 1421 2008 sententiam
1448 1966 1577 2007 attulit

194 2044 318 2083 eaque
345 2033 466 2071 verba
493 2033 684 2083 particula
712 2033 758 2069 δέ
796 2045 882 2071 cum
909 2034 966 2072 eis
992 2033 1145 2083 verbis,
1191 2044 1292 2083 quae
1330 2033 1575 2081 antecedunt,

193 2097 415 2150 conjunxit,
454 2096 516 2149 id,
544 2098 646 2148 quod
673 2097 757 2149 ipse
784 2097 833 2138 de
861 2110 909 2138 ea
936 2110 979 2138 re
1007 2097 1149 2149 sentit,
1175 2097 1253 2138 illis
1282 2097 1412 2138 verbis
1439 2096 1575 2137 adver-

191 2163 287 2203 sarii
312 2163 474 2214 opponit
500 2166 617 2212 atque
643 2163 700 2200 ita
728 2162 892 2212 quidem,
920 2167 963 2201 ut
988 2163 1126 2202 iterum
1153 2162 1345 2213 particula
1372 2161 1418 2200 δέ
1435 2165 1575 2201 utatur.

193 2228 255 2268 Ita
281 2228 466 2278 legimus:
495 2226 557 2266 Αδ
581 2228 608 2266 4
636 2229 735 2277 φασὶ
762 2226 808 2264 δέ
836 2250 879 2256 -
911 2226 986 2274 ἐγώ
1015 2227 1058 2265 δὲ
1085 2227 1187 2266 {wan
1214 2227 1329 2267 δοκῶ.
1381 2227 1445 2268 Ad
1471 2228 1495 2267 8
1520 2228 1572 2277 μή

191 2294 490 2343 παραγενέσθαι
517 2292 561 2330 δὲ
589 2293 712 2342 φασίν
738 2315 790 2320 -
815 2291 890 2338 ἐγώ
915 2291 998 2331 δὀὐ
1024 2291 1337 2343 παραγενόμενος
1359 2291 1520 2343 δηλώσω
1535 2295 1575 2331 et

192 2359 307 2407 Br73
334 2358 390 2404 Br
418 2358 547 2408 931*ss
572 2358 701 2408 331'7
727 2357 774 2407 4;
803 2357 856 2400 Fr
882 2357 919 2396 5.

299 2422 347 2461 In
374 2422 550 2462 oratione
577 2421 608 2461 I.
634 2421 715 2460 tale
742 2420 835 2471 quid
862 2433 941 2461 non
966 2420 1111 2461 inveni.

297 2487 461 2526 Duobus
492 2486 586 2526 locis
611 2485 823 2526 Reinoldus
849 2486 965 2525 Klotz
1006 2498 1056 2525 ex
1083 2486 1237 2538 optimis
1264 2485 1461 2526 codicibus
1486 2495 1575 2536 par·

194 2551 352 2591 ticulam
379 2550 424 2589 δέ
462 2551 504 2590 in
538 2550 702 2602 apodosi
733 2555 821 2602 post
858 2551 1067 2603 participia
1102 2551 1281 2591 absoluta
1303 2545 1470 2590 ‘restitui
1493 2547 1577 2588 vult

197 2614 263 2669 (cf.
292 2615 317 2655 l.
344 2627 375 2656 c.
402 2629 444 2667 p.
467 2616 546 2655 374
583 2619 623 2656 et
648 2615 732 2656 eius
759 2619 907 2667 quaest.
935 2616 1034 2657 critt.
1059 2615 1126 2673 lib.
1150 2615 1171 2655 Ι
1197 2628 1236 2670 p.
1261 2616 1313 2656 66
1340 2618 1381 2656 et
1405 2627 1445 2666 p.
1470 2611 1577 2665 101),
