1695 2931
831 126 884 167 89

267 234 477 274 Praeterea
516 231 709 284 particula
744 231 822 282 μήν
859 242 1051 282 nusquam
1087 230 1286 283 reperitur.
1338 228 1473 270 Oratio
1500 228 1547 269 V.

162 311 255 340 vero
282 298 400 338 simili
418 297 610 337 ‘dictionis
637 297 857 336 constantia
884 309 974 348 usa,
1011 297 1213 347 quinquies
1239 295 1452 347 particulas
1478 296 1545 332 καὶ

161 364 244 416 μην
261 362 489 415 conjunctas
509 362 686 414 praebet:
712 362 748 401 V
767 363 820 401 44
855 364 920 399 καὶ
952 364 1030 412 μὴν
1057 361 1191 414 πολλῷ
1218 361 1340 399 πλέον
1363 366 1544 408 γεγωνεῖν

161 428 238 467 {cu
267 428 411 478 νύκτωρ
438 428 464 477 ἢ
486 425 569 476 μεθ
593 424 773 477 ’ἠμέραν,
802 426 855 464 ἐπ
875 425 1004 476 ἀ’κτῆς
1031 428 1055 476 ἢ
1084 429 1182 464 κατὰ
1210 426 1337 464 πόλιν·
1365 428 1431 463 καὶ
1463 426 1542 476 μην

163 494 216 531 ἔτι
241 492 504 543 ἐγρηγορόων
526 494 648 542 φασὶν
672 490 832 541 ἐκβῆναι
858 493 924 529 ἰον
950 490 1078 539 ἄνδρα
1105 491 1148 528 ἐκ
1175 493 1243 529 τόυ
1270 490 1420 528 πλοίου.
1473 490 1541 531 Sic

162 557 254 598 dedi
282 557 384 596 hunc
408 557 536 596 locum
562 568 648 595 cum
675 555 821 596 Cobeto
834 586 844 606 ,
875 556 941 605 qni
969 555 1143 595 codicum
1169 556 1291 595 verba
1316 569 1357 603 rs
1382 554 1540 602 α’γνοετν

162 621 306 673 optime
339 620 504 660 mutavit
536 620 578 659 in
614 626 805 666 γεγωνεῖν.
869 619 982 667 Quod
1017 632 1109 659 vero
1145 620 1364 669 Briglebius
1403 623 1539 659 contra

159 686 261 725 hanc
279 685 418 725 Cobeti
445 685 708 736 conjecturam
735 684 829 723 dicit
855 685 897 732 (l.
924 697 955 724 c.
981 697 1019 736 p.
1049 686 1134 734 15):
1165 684 1312 736 „Cobet
1337 696 1426 724 nov.
1450 684 1538 724 lect.

155 750 280 800 Lugd.
307 749 393 788 Bat.
422 749 524 788 1858
552 748 727 800 conjicirt
751 755 952 800 γεγωνεῖν,
980 761 1062 788 was
1082 749 1227 800 Jedoch
1254 748 1537 799 vorzugsweise

158 813 223 854 ein
260 812 514 854 dichteriches
557 816 656 853 wort
687 805 776 864 ist“‚
816 813 914 852 nihil
948 813 1075 865 valet3
1115 825 1206 854 nam
1238 813 1336 853 satis
1374 815 1537 864 constat,

153 877 431 930 Antiphontem
451 878 573 918 multa
588 890 610 917 e
629 881 830 930 poetarum
858 879 1094 919 carminibus
1108 878 1293 930 petivisse
1319 877 1387 929 (cf.
1399 878 1537 919 Ottsen

153 942 202 983 de
227 943 478 995 Antiphontis
505 943 709 983 verborum
737 943 1020 994 formarumque
1046 944 1177 996 specie
1202 956 1240 995 p.
1267 943 1292 982 9
1318 942 1430 995 sqq.).

261 1009 361 1048 Tum
395 1008 581 1060 legimus:
624 1009 670 1059 V,
708 1010 756 1048 91
808 1011 872 1047 καὶ
908 1010 985 1060 μὴν
1018 1009 1054 1047 εἰ
1088 1009 1171 1048 δέοι
1205 1006 1392 1060 ἁμαρνετν
1425 1023 1459 1047 τι
1491 1008 1534 1047 τὰ

150 1072 295 1118 ἀδίκως
329 1072 528 1112 ἀπολῦσαι
568 1068 771 1124 ὁσιώτερον
807 1076 859 1112 ἄν
885 1076 943 1126 εἴη
975 1076 1043 1113 τοῦ
1076 1074 1130 1125 μὴ
1157 1073 1316 1119 δικαίως
1342 1072 1534 1113 α’πολέσαι

150 1137 224 1190 (sic
250 1138 340 1189 lego
366 1150 453 1179 cum
478 1138 660 1191 Blassio).

252 1203 315 1242 Ad
340 1204 551 1255 particulas
577 1207 642 1242 καὶ
659 1205 738 1255 μήν
763 1204 915 1244 accedit
926 1205 1119 1256 particula
1142 1205 1199 1256 γέ,
1221 1203 1293 1244 sed
1318 1204 1387 1256 ita,
1411 1207 1455 1243 ut
1480 1215 1531 1244 ea

145 1280 235 1320 vo1,
262 1280 364 1319 quae
391 1269 582 1320 particula
613 1271 657 1318 γέ
688 1270 880 1321 efferatur,
906 1270 1035 1310 media
1061 1270 1290 1322 interposita
1317 1270 1379 1321 sit,
1403 1269 1450 1321 V,
1475 1269 1528 1309 28

145 1335 212 1371 καὶ
234 1334 313 1383 μὴν
337 1334 443 1378 εἰκός
467 1348 510 1381 γε
540 1332 598 1385 ἦν,
625 1335 671 1386 V,
706 1336 758 1375 92
785 1338 851 1373 καὶ
875 1334 953 1386 μὴν
978 1335 1047 1386 τὴν
1073 1336 1159 1386 ἴσην
1183 1349 1227 1382 γε
1254 1334 1424 1383 δύναμιν
1448 1335 1527 1383 ἔχει

251 1399 339 1439 Uno
366 1403 498 1439 autem
524 1400 608 1440 loco
635 1401 850 1452 particulae
876 1399 901 1451 ἧ
926 1401 1015 1452 μήν,
1041 1412 1141 1451 quae
1167 1400 1394 1451 saepissime
1420 1398 1526 1451 apud

145 1463 248 1505 alios
280 1464 486 1516 scriptores
521 1465 563 1504 in
597 1466 707 1506 initio
738 1466 996 1518 jurisjurandi
1021 1466 1173 1517 positae
1199 1469 1307 1517 sunt,
1334 1464 1401 1517 (cf.
1427 1465 1526 1505 Har·

144 1529 304 1579 tungins
333 1529 358 1567 l.
385 1541 417 1568 c.
434 1529 473 1567 II
500 1542 538 1581 p.
553 1531 631 1569 376
659 1535 697 1570 et
710 1531 998 1571 Baeumleinius
1025 1531 1049 1569 l.
1077 1543 1109 1569 c.
1135 1544 1171 1581 p.
1193 1531 1298 1582 155),
1325 1531 1527 1580 leguntur-²

144 1592 188 1644 V,
216 1593 262 1631 11
298 1593 408 1631 τοῦτο
442 1592 485 1631 δὲ
525 1593 617 1633 δέον
644 1605 686 1633 σε
712 1594 979 1645 διομόσασθαι
1006 1595 1123 1645 ὅρκον
1156 1599 1223 1633 τὸν
1247 1596 1423 1644 μέγιστον
1448 1597 1527 1637 καῖ.

150 1657 399 1708 ἰσχυρότατον
425 1657 449 1709 ἦ
474 1660 552 1709 μὴν
577 1661 627 1710 μὴ
657 1660 762 1698 ἄλλα
789 1660 1059 1712 κατηγορήσειν
1085 1661 1182 1710 ἐμοῦ
1207 1673 1290 1711 sqq.

246 1723 307 1763 De
333 1723 526 1775 particula
548 1723 573 1776 ἦ
598 1725 743 1767 addere
769 1726 864 1767 mihi
889 1726 1027 1779 liceat,
1054 1726 1162 1767 illam
1187 1729 1392 1778 praeterea
1417 1724 1522 1779 apud

143 1788 421 1841 Antiphontem
447 1803 525 1831 non
551 1791 726 1832 inveniri.

701 2029 865 2093 caput
897 2031 950 2080 V.

292 2109 295 2112 ⁴
324 2142 394 2188 De
424 2144 651 2201 particulis
683 2144 751 2201 δή,
787 2146 905 2202 δῆτα,
941 2145 1002 2203 δή
1033 2162 1129 2197 που,
1165 2144 1328 2203 ἐπειδή.

237 2255 487 2306 Tetralogiae
506 2257 736 2308 particulam
764 2258 816 2309 δή
841 2259 997 2310 saepius
1010 2259 1209 2309 praebent.
1261 2258 1324 2298 Ita
1349 2258 1516 2309 legimus

132 2319 201 2372 Tr,
228 2320 253 2360 2
292 2319 438 2370 μάθετε
464 2320 512 2373 δὴ
547 2323 701 2374 πρῶτον
726 2324 799 2373 μέν
825 2335 926 2376 sqq,
967 2336 1041 2375 quo
1068 2323 1153 2365 loco
1194 2323 1254 2364 vis
1290 2324 1513 2377 imperativi

132 2386 328 2435 particula
355 2386 406 2437 δή
431 2391 607 2438 augetur.

235 2451 294 2499 Ββ
335 2452 354 2491 1
402 2452 536 2493 Oratio
579 2453 732 2506 incipit:
783 2455 854 2493 νῦν
894 2453 940 2504 δὴ
982 2451 1157 2504 φανερόν
1196 2466 1264 2503 μοι
1306 2454 1364 2494 ὅτι
1400 2453 1516 2495 adm&

131 2513 174 2550 αἱ
189 2519 387 2566 συμφοραί
413 2529 495 2568 sqq.
546 2519 720 2569 Temere,
748 2520 895 2570 opinor,
913 2518 1129 2559 Lindnerus
1146 2519 1196 2559 de
1212 2519 1287 2560 hoc
1309 2520 1394 2561 loco
1421 2521 1517 2561 dicit

131 2577 175 2630 (l.
203 2590 234 2620 c.
261 2592 300 2632 p.
327 2581 418 2634 38):
459 2581 566 2635 „fieri
600 2595 679 2624 non
704 2586 850 2636 potest,
886 2587 929 2625 ut
954 2584 1079 2636 oratio
1106 2596 1131 2624 a
1158 2586 1231 2623 νῦν
1257 2584 1310 2637 δή
1340 2585 1514 2639 incipiat.

135 2645 207 2682 νῦν
235 2643 281 2682 δέ
306 2646 391 2687 sine
418 2646 536 2689 dubio
563 2647 771 2700 legendum
797 2649 890 2690 est.“
946 2649 1050 2691 Nihil
1068 2649 1242 2702 profecto
1269 2651 1408 2693 melius
1433 2651 1512 2694 dici
