1695 2931
790 146 840 186 27

136 262 213 301 qua
240 261 281 289 re
306 262 392 289 eum
418 250 582 290 laudant
608 250 850 290 Maetznerus
890 251 946 303 (in
973 250 1255 291 commentariis
1281 263 1317 301 p.
1347 249 1439 293 136)
1467 250 1506 286 et

135 315 421 355 Baeumleinius
448 315 810 368 (Untersuchungen
839 316 933 356 uber
970 316 1207 366 griechische
1244 314 1439 367 partikeln
1467 326 1506 364 p.

136 380 228 430 94);
268 380 336 418 sed
364 392 490 429 neque
515 381 744 419 Turicenses
770 392 894 429 neque
921 381 1093 419 Blassius
1132 393 1219 419 eum
1258 380 1378 419 secuti
1406 381 1505 417 sunt.

134 435 287 494 Legunt
313 444 415 484 enim
441 445 472 495 1,
502 445 551 484 12
577 444 612 482 st
637 446 712 494 γὰρ
738 443 881 482 τούτων
906 443 1123 482 εοελόνιων
1150 443 1305 482 διδόναι
1344 443 1398 487 εἷς
1429 443 1505 491 βά-

136 518 255 545 σανον
280 508 354 554 ἐγώ
380 511 432 558 μὴ
458 509 668 559 ἐδεξάμην,
710 521 795 547 cum
821 509 1031 548 Reinoldus
1057 510 1171 547 Klotz
1198 510 1400 547 lectionem
1427 507 1502 553 ἐγώ

137 572 180 612 δὲ
205 571 261 624 μή
287 573 404 626 (quae
440 577 499 613 est
523 574 564 613 in
590 574 625 613 A
650 574 683 613 B
710 574 742 613 L
769 574 825 624 M)
864 573 1059 613 defendat..
1120 573 1249 613 Altero
1290 585 1381 612 vero
1420 573 1502 612 loco

135 638 302 679 editores
327 639 385 678 illi
412 639 648 690 discrepant3
684 652 774 679 nam
812 642 899 679 cum
938 639 998 679 ed.
1023 640 1132 678 Turr.
1159 639 1329 678 Bekkeri
1355 639 1503 690 conjec-

134 708 280 755 turam,
329 717 429 755 quae
462 704 556 745 mihi
590 717 740 756 quoque
776 705 979 757 probatur,
1024 708 1156 745 secuta
1179 705 1363 756 praebeat
1394 704 1454 751 Αβ
1478 704 1505 743 4

134 769 277 808 τούτων
303 768 490 807 ὑπόπτων
519 770 641 808 ὄντων
666 771 740 817 ἐγώ
766 772 819 808 ἄν
833 770 988 814 εἰκότως
1014 771 1193 818 καθαρὸς
1219 769 1374 820 δοκοίην
1392 770 1505 815 εἶναι,

133 845 204 885 pro
241 833 416 873 codicum
453 834 615 874 lectione
647 834 721 880 ἕνα)
759 833 795 872 δ’
818 834 974 878 εἰκότως
1009 833 1128 886 (quod
1165 838 1223 873 est
1256 834 1296 872 in
1324 834 1357 872 A
1384 833 1416 871 L
1443 833 1502 883 M;

134 911 262 939 errore
288 903 415 938 autem
442 899 586 939 factum
613 912 698 939 esse
724 900 898 950 videtur,
925 900 1028 949 quod
1053 900 1093 937 in
1122 899 1182 938 ed.
1209 900 1318 937 Turr.
1345 898 1504 937 adnota-

132 968 213 1004 tum
242 968 310 1015 est,
336 965 376 1005 in
403 964 513 1005 codd.
532 965 567 1004 A
584 966 661 1006 BL
689 976 773 1005 esse
800 964 874 1013 ἐγὼ
901 964 989 1003 δ’ἄν
1014 964 1198 1013 εἰκότως),
1229 963 1400 1003 Blassius
1419 975 1504 1002 cum

134 1030 267 1070 codice
295 1030 332 1069 N
355 1031 507 1081 scripsit
534 1032 608 1077 ἐγώ
637 1031 814 1077 δικαίως,
855 1043 955 1081 quae
994 1032 1148 1081 quidem
1175 1031 1289 1069 lectio
1315 1029 1504 1079 quomodo

132 1098 227 1134 nata
250 1095 301 1134 sit
325 1095 468 1146 optime
494 1095 772 1135 demonstravit
797 1096 991 1147 Sauppius
1018 1095 1112 1147 (ind.
1141 1095 1258 1134 schol.
1285 1107 1322 1146 p.
1350 1095 1403 1146 9).

238 1160 414 1211 Denique
451 1173 583 1201 omnes
619 1161 862 1201 consentiunt
894 1161 934 1200 in
976 1160 1149 1200 codicum
1175 1160 1357 1200 lectione:
1393 1160 1452 1208 Ββ
1479 1159 1503 1198 6

131 1225 315 1262 ἄκουσίου
347 1225 390 1263 δὲ
429 1227 495 1265 τοῦ
522 1226 646 1275 φόνου
672 1225 716 1271 ἐξ
742 1225 893 1275 άμφοῒν
919 1224 1011 1274 ὑμῖν
1049 1224 1359 1273 ὁμολογουμένου
1393 1226 1502 1271 γενέ-

132 1293 241 1336 σθαι,
267 1289 311 1328 ἐκ
324 1293 387 1341 τῆς
404 1289 605 1341 ἁμαρτίας,
632 1289 819 1339 ὁποτέρου
845 1289 973 1328 αὐτῶν
999 1290 1110 1336 ἐστίν,
1138 1290 1190 1328 ἔτι
1210 1289 1253 1327 δὲ
1269 1291 1504 1339 σαφέστερον

131 1355 183 1392 ἄν
215 1354 236 1392 ὅ
265 1355 408 1405 φονεὺς
439 1354 658 1405 ἐλεγχθείη,
705 1355 885 1394 mendum
912 1354 1104 1405 quoddam
1131 1355 1328 1394 contineri.
1382 1354 1503 1404 Saup-

130 1419 238 1471 pius,
257 1431 370 1471 quem
397 1420 570 1460 Blassius
597 1424 749 1461 secutus
778 1425 847 1471 est,
874 1421 1039 1460 mutavit
1065 1419 1109 1457 δέ
1135 1420 1175 1459 in
1202 1420 1247 1467 γέ
1278 1419 1342 1471 (cf.
1357 1432 1395 1471 p.
1419 1419 1502 1471 44),

130 1484 372 1523 Maetznerus
406 1485 586 1524 lacunam
618 1485 773 1535 statuit,
819 1485 1018 1525 Dobreeus
1054 1488 1093 1524 et
1118 1485 1318 1535 Kayserus
1354 1487 1420 1535 (m.
1446 1484 1504 1523 rh.

129 1548 209 1588 XII
235 1561 272 1599 p.
299 1548 393 1600 229)
421 1547 466 1585 δέ
492 1548 611 1588 deleri
632 1548 840 1600 jusserunt.

127 1624 129 1627 ·
235 1612 418 1652 Venimus
450 1613 503 1652 ad
537 1613 752 1653 orationum
780 1613 937 1663 quintae
965 1617 1003 1652 et
1029 1617 1163 1653 sextae
1198 1626 1319 1653 usum.
1379 1614 1502 1653 Parti-

129 1677 219 1717 cula
253 1676 298 1715 δέ
332 1677 372 1717 in
406 1690 461 1718 or.
486 1678 532 1718 V.
571 1678 798 1730 saepissime
836 1678 998 1729 legitur,
1034 1684 1112 1718 non
1150 1679 1276 1719 minus
1303 1691 1418 1730 quam
1444 1682 1503 1719 ter

130 1746 169 1784 et
193 1744 324 1782 tricies
348 1743 405 1782 ita.
420 1747 658 1795 usurpatur,
692 1747 735 1783 ut
762 1744 853 1783 novi
879 1744 1027 1794 aliquid
1053 1744 1175 1783 addat
1201 1745 1263 1783 vel
1290 1745 1503 1784 orationem

128 1808 336 1848 continuet.
396 1808 458 1847 Ita
491 1820 578 1848 reus
613 1808 875 1849 narrationem
908 1809 1044 1860 incipit
1084 1810 1231 1849 verbis:
1265 1810 1312 1861 V,
1343 1811 1392 1850 10
1426 1810 1500 1857 ἐγώ

128 1872 173 1910 δὲ
207 1875 274 1910 τὸν
303 1874 376 1921 μὲν
410 1872 535 1912 πλοῦν
571 1873 813 1924 ἐποιησάμην
848 1886 930 1924 sqq.
998 1876 1098 1913 Tum
1121 1875 1380 1925 compluribus
1406 1876 1501 1915 locis

125 1937 290 1977 testibus
323 1937 573 1988 interrogatis
607 1937 660 1976 ad
699 1938 912 1977 orationem
951 1938 1053 1977 redit
1086 1940 1277 1990 particula
1312 1939 1359 1977 δέ
1390 1952 1501 1980 usus:

127 2001 174 2053 V,
200 2002 251 2041 23
289 2001 420 2052 ἐπειδὴ
462 2001 506 2040 δὲ
540 2003 789 2052 μεπξέβημεν
833 2015 915 2054 sqq.
949 2007 988 2043 et
1023 2003 1157 2043 eodem
1193 2005 1307 2044 modo
1352 2005 1397 2055 V,
1424 2005 1501 2055 293

129 2067 191 2106 84.
263 2067 471 2106 Praeterea
517 2067 610 2106 inde
660 2080 686 2106 a
724 2070 748 2117 ξ
796 2068 847 2107 68
883 2072 1062 2118 quattuor
1110 2069 1308 2120 exempla,
1362 2070 1501 2120 quibus

125 2132 247 2173 verba
273 2144 345 2172 sua
371 2132 615 2184 comprobat,
645 2133 703 2172 ita
728 2145 815 2173 cum
839 2133 1101 2185 superioribus
1130 2134 1257 2174 verbis
1285 2135 1500 2187 conjunxit:

126 2196 264 2235 αὐτίκα
287 2195 495 2247 Ἐφιάλτην
520 2219 574 2226 -
597 2199 707 2235 τοῦτο
734 2196 874 2242 δ’ἔνιὸς
900 2196 946 2237 οὔ
972 2198 1120 2235 πολλοῦ
1144 2199 1215 2248 χρό
1220 2211 1289 2236 νου
1315 2221 1366 2228 —
1391 2201 1500 2237 τοῦτο

126 2261 171 2300 δὲ
197 2263 287 2312 περί
309 2286 362 2291 -
387 2265 455 2299 τοῦ
479 2259 514 2299 δ’
543 2261 629 2306 ἑνός
654 2274 735 2312 sqq.
797 2262 981 2301 Similiter
1016 2262 1110 2301 dicit
1145 2265 1169 2311 ξ
1208 2263 1257 2302 82
1293 2275 1356 2313 sq:
1390 2264 1500 2312 οἶμαι

124 2322 225 2375 ῧμᾶς
251 2324 477 2364 ἐπίστασδαι
505 2324 562 2364 ὅτι
590 2324 728 2363 πολλοί
753 2346 806 2353 -
832 2326 941 2362 τοῦτο
968 2324 1013 2362 δὲ
1039 2325 1111 2375 ἤδη
1138 2325 1288 2375 ἑτέρους
1315 2349 1365 2356 -
1390 2329 1500 2366 τοῦνο

126 2389 171 2428 δὲ
197 2389 314 2440 ἱεροῖς
340 2389 614 2440 παραστάντες.

229 2455 466 2495 Particulam
479 2454 523 2493 δὲ
539 2467 627 2495 cum
644 2453 725 2494 alia
746 2454 914 2505 quadam
928 2454 1173 2505 conjunctam
1190 2455 1376 2507 legimus:
1389 2455 1442 2495 ἔτι
1457 2455 1503 2495 δέ

125 2520 275 2570 or.V.§
293 2521 338 2560 17
357 2520 430 2571 39„
457 2520 524 2572 VI,
541 2520 602 2559 12.
621 2520 751 2558 ἔπειτα
779 2518 825 2556 δέ
847 2532 901 2559 or.
919 2520 965 2559 V.
993 2520 1055 2571 16,
1080 2520 1145 2571 42,
1171 2521 1235 2572 62,
1260 2522 1323 2572 51,
1350 2522 1413 2573 54,
1440 2523 1503 2563 92.

124 2584 256 2636 ἐπειδὴ
285 2585 331 2624 δέ
356 2598 409 2626 or.
433 2586 480 2625 V.
505 2586 568 2637 23,
594 2586 658 2636 29,
683 2585 746 2625 24.
797 2585 881 2622 ἐπεὶ
906 2584 952 2623 δέ
975 2598 1029 2625 or.
1049 2586 1097 2625 V.
1125 2587 1173 2625 77
1202 2590 1241 2626 et
1265 2599 1322 2627 or.
1346 2587 1413 2639 VI,
1443 2588 1502 2627 12.

228 2651 292 2692 Ad
319 2651 527 2692 enunciata
561 2649 765 2703 interjecta¹
790 2662 877 2691 cum
902 2650 1163 2703 superioribus
1189 2651 1319 2693 verbis
1345 2652 1502 2705 coujun-
