1695 2931
820 116 882 157 >38

165 221 428 263 continuando
455 233 632 262 sermone
669 233 756 261 cum
782 220 952 272 quadam
978 220 1234 261 conclusionis
1260 219 1547 271 significatione

164 300 250 329 esse
276 287 506 339 usurpatas“
536 287 800 340 (Hermannus
827 286 879 326 ad
906 287 1087 337 Vigerum
1113 298 1152 338 p.
1179 285 1284 338 842).
1344 286 1430 325 Huc
1455 297 1547 336 quo-

166 364 241 404 que
276 352 443 404 pertinet
469 364 518 392 ex
545 364 599 393 or.
624 352 656 393 Ι.
681 352 860 404 exempla
887 354 912 402 ξ
941 347 1030 403 13,’
1047 352 1130 404 20„
1157 364 1245 391 cnm
1271 351 1411 403 verba,
1446 363 1547 402 quae

166 418 350 469 leguntur
374 418 408 470 I,
430 418 494 469 31,
520 418 574 458 ad
601 429 688 458 eum
714 430 825 457 usum
850 417 1076 470 respiciant,
1103 430 1218 468 quem
1244 430 1282 469 p.
1308 418 1360 457 29
1385 429 1547 458 comme-

167 482 414 523 moravimus.

273 548 321 588 In
348 560 402 588 or.
414 547 481 588 VI.
506 547 592 588 sola
616 547 810 599 particula
836 545 907 585 οὖν
933 560 1020 587 raro
1045 547 1169 587 vuobis
1197 547 1384 597 occurrit3
1411 550 1470 587 ter
1495 546 1548 587 le·

169 613 275 664 gitur
299 613 341 652 in
368 612 585 652 enunciatis
610 612 899 662 interrogativis
925 611 966 664 (ἓ
992 613 1064 663 34,
1090 613 1164 664 45,
1202 612 1271 662 51)
1299 615 1339 651 et
1361 611 1481 652 semel
1505 611 1548 652 in

168 677 375 720 enunciato
401 677 568 718 relativo
596 677 638 729 (ξ
663 677 745 728 42).

274 743 321 782 In
348 754 401 782 or.
428 743 474 782 V.
500 742 658 793 saepius
684 742 888 792 reperitur:
924 745 983 781 ter
1008 742 1050 780 in
1077 742 1316 793 enunciatis,
1356 754 1456 792 quae
1482 742 1551 782 ad-

168 808 427 848 hortationem
453 807 651 848 continent
676 806 763 858 (46,
791 807 861 858 71,
889 806 969 858 80),
996 807 1056 847 bis
1082 807 1123 847 in
1149 807 1365 848 cnunciatis
1389 807 1550 848 interro—

170 873 317 926 gativis
342 875 384 926 (ἓ
410 873 483 924 28,
510 872 601 925 50),
627 875 831 924 praeterea
858 873 1060 923 quinquies
1088 873 1129 924 (ἓ
1155 873 1200 924 3,
1226 873 1273 924 4,
1300 874 1344 924 6,
1371 873 1444 924 35,
1471 872 1552 925 66).

169 940 269 979 Tum
295 938 482 989 legimus:
508 937 554 988 V,
582 937 630 976 67
661 936 813 976 οὔκουν.
883 937 930 989 V,
957 937 1009 976 68
1034 939 1070 975 εἰ
1094 935 1175 977 οὖν.
1233 938 1279 989 V,
1306 938 1357 977 76
1384 936 1489 987 ὅμως
1515 936 1550 975 δ’

120 1016 122 1018 ’
171 1002 254 1045 οὖν.
305 1004 372 1052 VI,
402 1004 422 1043 1
451 1004 561 1051 γοῦν.

277 1069 562 1110 Particularum
586 1069 660 1117 μὲν
686 1065 757 1107 οὖν
783 1067 1003 1119 conjunctio
1030 1068 1219 1119 reperitur
1243 1069 1286 1108 in
1312 1080 1367 1108 or.
1386 1068 1431 1108 V.
1459 1069 1554 1110 duo·

171 1135 322 1186 decies,
358 1135 400 1174 in
427 1146 481 1174 or.
507 1133 573 1172 VI.
600 1132 743 1172 sexies.
804 1132 931 1183 Atque
957 1133 1115 1184 saepius
1147 1134 1360 1185 particulae
1385 1136 1459 1183 μὲν
1484 1133 1553 1173 οὖν

170 1200 280 1238 -δέ
318 1200 361 1239 in
395 1198 688 1238 transitionibus
713 1201 967 1248 usurpantur:
1005 1198 1052 1249 V,
1075 1199 1117 1248 7;
1153 1199 1222 1249 643
1259 1199 1307 1237 81
1319 1212 1333 1248 z,v
1365 1198 1427 1238 85.
1484 1199 1551 1247 VI,

174 1266 245 1317 163
272 1264 336 1305 33.

275 1329 426 1370 Ceteris
451 1328 549 1369 locis
574 1327 788 1379 particulae
813 1329 886 1377 μὲν
911 1326 981 1368 οὖν
1013 1328 1054 1367 in
1088 1329 1263 1368 oratione
1289 1329 1553 1370 continuanda

169 1388 414 1448 usurpa‘ntur.
467 1393 540 1446 (or.
566 1392 611 1433 V.
639 1393 675 1444 8,
701 1393 765 1444 33,
792 1393 855 1444 37,
882 1393 945 1444 64,
973 1393 1036 1445 76,
1063 1394 1126 1445 79,
1154 1394 1217 1445 94,
1244 1395 1315 1445 96,
1342 1407 1396 1435 or.
1422 1395 1488 1435 VI.
1514 1396 1552 1448 3,

173 1462 235 1514 12,
263 1460 325 1512 15,
355 1458 434 1511 18.)

276 1526 324 1564 In
349 1537 402 1564 or.
429 1524 496 1563 VL
523 1525 547 1572 ξ
568 1524 617 1563 13
644 1522 827 1562 Reiskius
855 1522 934 1572 legi
956 1522 1085 1573 jubet:
1113 1524 1357 1575 καθειστήκει
1381 1527 1455 1574 μὲν
1481 1524 1554 1564 οὖν

172 1589 194 1642 ἢ
221 1590 382 1641 χορηγία
409 1588 526 1632 οὕτω,
562 1599 647 1627 cum
674 1587 714 1626 in
742 1586 939 1627 codicibus
965 1585 1036 1626 οὖν
1062 1588 1245 1629 omissum
1271 1589 1340 1641 sit,
1364 1589 1434 1630 sed
1451 1590 1553 1644 vide,

171 1667 272 1707 quae
298 1654 348 1694 de
374 1653 448 1694 hoc
473 1652 559 1693 loco
586 1652 749 1704 exposui
775 1665 813 1703 p.
839 1653 902 1692 36.

721 1883 886 1945 caput
916 1883 1002 1934 IV.

633 1997 703 2042 De
733 1997 950 2056 particula
981 1996 1083 2056 μήν.

275 2110 401 2150 Huius
444 2111 659 2162 particulae
697 2123 809 2151 usum
849 2112 1141 2163 antiphonteum
1168 2114 1305 2164 paucis
1329 2114 1460 2154 verbis
1484 2114 1553 2154 ab·

170 2175 324 2217 solvere
363 2187 606 2228 possumnus.
670 2176 797 2227 Atque
838 2176 1003 2228 primum
1043 2177 1198 2228 quidem
1223 2178 1456 2219 monendum
1481 2183 1553 2231 est,

169 2241 280 2281 illam
305 2241 347 2280 in
374 2240 551 2280 oratione
576 2241 607 2279 I.
634 2244 673 2280 et
697 2241 739 2279 in
773 2241 948 2280 oratione
971 2242 1036 2281 VI.
1072 2255 1122 2282 ne.
1155 2244 1276 2283 semel
1314 2244 1469 2294 quidem
1494 2245 1553 2284 in-

166 2305 305 2347 veniri.
358 2305 406 2345 In
432 2305 650 2357 tetralogiis
676 2308 806 2346 autem
832 2318 921 2347 raro
944 2306 1097 2359 legitur.
1150 2308 1258 2349 Haec
1284 2308 1410 2351 habeo
1423 2321 1551 2350 exem·

165 2372 251 2424 pla:
290 2372 354 2411 Aa
380 2372 407 2411 4
443 2371 526 2411 οὔτε
565 2374 641 2422 γὰρ
677 2371 892 2421 κακούργος
926 2372 1027 2417 clude
1062 2372 1288 2412 ἀποκτεῖναι
1313 2397 1366 2404 -
1392 2374 1441 2413 οὗ
1474 2377 1552 2426 μὴν

166 2435 259 2475 οὐδὲ
274 2435 517 2488 παροινήσας
544 2435 672 2482 οὐδεὶς
697 2435 923 2488 διέφθειρεν
951 2436 1084 2477 αὐτόν.
1110 2461 1163 2468 -—
1190 2437 1285 2486 οὐδὲ
1306 2439 1385 2491 μὴν
1411 2438 1551 2479 οὐδ’ἒκ

166 2501 366 2552 λοιδορίας
395 2525 440 2531 -
471 2500 564 2541 οὐδὲ
601 2503 680 2553 μὴν
718 2501 842 2540 ἄλλον
878 2502 1151 2553 στοχαζόμενος
1176 2504 1281 2553 ἔτνχε
1305 2504 1450 2544 τούτου.
1500 2506 1552 2545 Et

165 2567 226 2612 Ar
252 2567 278 2606 5
305 2565 396 2605 οὐδὲ
422 2567 499 2617 μὴν
527 2565 798 2615 ἀπογενέσθαι
831 2568 859 2618 ἢ
894 2569 1192 2618 παραγενέσθαι
1216 2568 1407 2620 εῑκόπερον
1432 2566 1553 2609 αὐτόν

164 2631 278 2671 ἔστιν.
