1695 2931
832 144 884 181 22

272 247 412 287 Cetera
438 246 617 298 exempla
643 245 825 298 vides'V,
852 247 925 297 203
950 246 1025 297 413
1052 246 1115 286 76.
1167 246 1234 297 VI,
1259 246 1314 296 43
1341 246 1413 295 383
1439 245 1502 285 50.

271 312 469 352 Particula
504 312 571 350 καί
609 311 813 363 repetitur:
853 312 919 364 VI,
945 312 1007 352 22.
1073 311 1218 360 Quater
1259 309 1450 363 particula
1485 309 1551 347 καί

167 378 297 430 posita
324 382 406 418 est:
434 378 480 429 V,
507 378 559 418 38
588 381 627 417 et
651 378 718 429 VI,
746 378 782 417 6.

275 443 372 482 Cum
398 443 440 482 in
463 442 681 492 tetralogiis
703 442 859 493 saepius
875 442 1128 492 substantiva,
1157 441 1295 492 quibus
1316 440 1551 494 praepositio

170 508 304 558 aliqua
331 508 467 547 addita
495 512 565 557 est,
591 507 790 558 particulis
807 509 938 545 ’τέ-τέ
955 508 1162 559 conjuncta
1172 507 1416 546 inveniamus
1439 506 1479 544 in
1497 517 1552 544 or.

170 572 216 611 V.
247 576 285 611 et
307 572 373 611 VI.
397 572 481 611 eius
511 571 617 611 modi
660 582 777 610 voces
824 572 1025 622 particulis
1055 571 1235 609 τέ-καί
1266 571 1552 622 conjunguntur

170 636 217 687 V,
246 637 307 676 88.

276 701 500 740 Invenimus
527 701 568 740 in
594 701 811 750 tetralogiis
838 713 976 740 novem
1004 700 1193 751 exempla,
1221 700 1262 739 in
1284 700 1423 750 quibus
1435 699 1553 751 parti-

171 766 282 805 culae
295 767 335 803 τέ
340 767 427 803 -τέ
440 778 525 805 cum
536 766 887 818 praepositionibus
900 766 1128 818 conjunctae
1147 768 1270 813 erant,
1289 777 1412 816 eaque
1422 764 1553 805 omnia

172 831 228 869 ita
256 835 501 880 comparata,
527 835 569 869 ut
597 831 789 881 particula
816 832 855 868 τέ
881 831 1006 870 locum
1033 834 1122 881 post
1147 830 1471 881 praepositionem
1497 835 1554 868 te-

171 898 299 943 neret3
326 906 451 944 neque
478 907 570 934 vero
598 895 639 933 in
665 895 805 934 ceteris
833 895 1084 945 orationibus,
1110 906 1210 945 quae
1236 894 1436 946 particulis
1461 895 1547 931 τέ·-

172 962 240 997 nat
257 964 426 1010 utuntur,
453 973 515 999 res
543 961 656 999 aliter
681 972 724 1000 se
750 960 889 1011 habet,
916 964 1001 1000 cum
1028 960 1158 1000 omnia
1185 960 1363 1010 exempla
1389 960 1553 999 eandem

171 1025 376 1063 verborum
404 1025 695 1064 collocationem
722 1024 939 1075 ostendant,
967 1037 1043 1064 uno
1070 1025 1155 1064 loco
1182 1028 1363 1074 excepto:
1408 1024 1475 1074 VI,
1502 1024 1551 1062 31

171 1086 325 1132 τούτους
346 1090 420 1137 μὲν
432 1087 571 1133 αὐτούς
592 1103 630 1127 τε
654 1088 732 1126 ὑπὸ
749 1092 861 1139 σφῶν
887 1088 1016 1127 αὐτῶν
1029 1101 1111 1139 sqq.
1163 1090 1311 1128 Tamen
1325 1088 1555 1141 puto,·nihil

174 1165 260 1194 esse
287 1153 525 1205 mutandum,
552 1166 638 1194 cum
660 1154 797 1194 similis
815 1155 1018 1195 verborum
1036 1154 1300 1194 collocationis
1314 1154 1554 1204 negligentia

177 1220 334 1270 saepius
359 1220 399 1258 in
429 1219 488 1259 his
515 1219 755 1258 orationibus
783 1219 1014 1270 inveniatur,
1041 1223 1083 1258 ut
1108 1220 1175 1270 VI,
1204 1220 1253 1258 18
1279 1218 1322 1264 ἐξ
1335 1217 1462 1259 αὐτῶν
1479 1221 1555 1257 τῶν

172 1281 300 1330 λόγων
326 1285 402 1320 τῶν
428 1296 464 1320 τε
491 1285 558 1320 τοῦ
583 1278 792 1333 κατηγόρου
825 1285 890 1320 καὶ
916 1285 984 1321 τοῦ
1009 1282 1330 1332 ἀποκρινομένου.
1383 1283 1484 1323 Nam
1511 1286 1555 1323 ut

173 1359 292 1398 supra
318 1348 509 1398 particula
536 1348 596 1397 τέ,
634 1360 720 1386 cum
742 1347 890 1398 justum
916 1348 1061 1387 habeat
1087 1348 1215 1386 locum
1243 1351 1330 1398 post
1356 1348 1552 1398 praeposi-

173 1412 319 1452 tionem
345 1412 588 1463 negligentia
616 1411 784 1463 quadam
811 1411 1026 1463 antecedit,
1069 1412 1127 1451 ita
1153 1412 1226 1452 hoc
1253 1412 1338 1452 loco
1365 1413 1554 1464 particula

175 1479 215 1514 τέ
241 1479 405 1517 articulo
420 1507 431 1523 ,
458 1490 571 1527 quem
597 1478 707 1527 sequi
735 1478 914 1527 debebat,
941 1478 1148 1517 antecedit.
1212 1479 1311 1517 Tum
1338 1479 1413 1517 huc
1440 1479 1555 1529 perti-

174 1545 269 1581 nent
295 1542 414 1581 verba
440 1542 487 1592 V,
514 1541 565 1581 65
593 1540 677 1590 ἅμα
703 1555 740 1579 τε
767 1543 1029 1591 πανουργοῦσι
1057 1543 1122 1579 καὶ
1149 1541 1349 1592 πρόφασιν
1365 1539 1555 1593 εὑρίσκου-

174 1616 255 1654 σιν,
293 1620 380 1646 cum
415 1607 607 1657 particula
649 1608 689 1643 τέ
729 1608 924 1657 proprium
952 1607 1078 1646 locum
1115 1607 1260 1646 habeat
1289 1611 1376 1657 post
1403 1620 1555 1657 πανουρ

173 1672 320 1716 γυῦσιν.

279 1736 333 1777 Ut
359 1736 400 1775 in
427 1735 614 1775 orationis
640 1735 791 1786 primae
817 1736 946 1776 verbis
982 1733 1062 1774 ὑπό
1096 1749 1135 1774 τε
1174 1735 1282 1785 ὑμῶν
1308 1738 1374 1773 καὶ
1400 1738 1468 1774 τοῦ
1481 1736 1556 1775 δι-

173 1801 286 1837 καίου
314 1800 355 1851 (ξ
382 1800 451 1850 25)
479 1798 545 1851 (cf.
570 1812 608 1850 p.
635 1799 701 1851 15)
738 1799 842 1850 apud
877 1800 1086 1850 particulas
1112 1801 1283 1837 τέ-καί
1317 1800 1554 1852 praepositio

173 1865 292 1906 semel
319 1868 467 1904 tantum
495 1865 623 1916 posita
650 1868 727 1915 est,
762 1865 820 1904 ita
846 1865 887 1904 in
914 1865 974 1905 his
1001 1878 1154 1916 quoque
1181 1866 1311 1906 verbis
1337 1867 1413 1918 VI,
1450 1867 1474 1906 6
1501 1867 1555 1911 εἴς

172 1943 211 1967 τε
237 1929 322 1973 τοὺς
346 1931 466 1972 θεοῦς
502 1931 567 1965 καὶ
602 1928 688 1972 τούς
725 1931 870 1977 νόμους
904 1929 970 1978 (cf.
1005 1931 1051 1981 V,
1079 1931 1129 1969 88
1168 1931 1223 1975 εἷς
1258 1944 1296 1968 τε
1322 1931 1411 1975 τοὺς
1436 1932 1556 1975 θεοὺς

175 1997 241 2033 καὶ
268 1994 322 2038 εἷς
348 1996 435 2038 τοὺς
461 1993 634 2046 νόμους.)
689 1994 740 2033 Et
765 1994 811 2046 V,
839 1995 890 2034 62
918 1996 1007 2044 περί
1031 1993 1200 2033 τεαὺτοῦ
1226 1997 1291 2033 καὶ
1302 1995 1411 2045 ἐμοῦ.
1465 1996 1555 2049 (Co-

174 2060 251 2100 dex
279 2059 503 2100 oxoniensis
530 2058 640 2098 addit
666 2060 754 2109 περί
780 2063 868 2110 post
894 2060 988 2112 καί).
1055 2085 1057 2088 .

279 2124 409 2164 Etiam
445 2124 649 2163 verborum
686 2123 815 2168 ἄλλως
848 2138 887 2162 τε
925 2125 992 2162 καί
1018 2124 1238 2177 conjunctio
1265 2126 1461 2167 invenitur
1487 2126 1555 2179 (cf.

171 2204 210 2243 p,
237 2190 315 2241 35.)
344 2190 385 2228 in
414 2201 468 2228 or.
495 2189 540 2228 V.
568 2191 592 2237 ξ
619 2189 681 2228 32.
909 2191 911 2193 ’

276 2255 365 2295 Uno
392 2254 477 2294 loco
504 2253 643 2303 verba,
686 2265 785 2303 quae
821 2254 1023 2304 particulis
1059 2255 1234 2293 τέ-καί
1270 2256 1556 2308 conjunguntur

171 2320 229 2360 ita
256 2320 445 2359 collocata
462 2322 562 2369 sunt,
589 2322 631 2357 ut
657 2330 734 2357 vox
761 2318 963 2370 quaedam,
991 2331 1091 2369 quae
1115 2320 1167 2359 ad
1186 2321 1300 2361 ambo
1319 2333 1442 2372 aeque
1469 2333 1553 2373 per-

171 2385 297 2424 tineat
322 2384 551 2434 interposita
579 2383 629 2423 sit
656 2383 722 2435 (cf.
751 2396 787 2434 p.
816 2384 868 2434 7.)
921 2384 988 2435 VI,
1015 2385 1065 2424 23
1094 2388 1208 2436 σφῶν
1233 2388 1263 2424 τ’
1290 2385 1417 2426 αὐτῶν
1443 2388 1554 2425 ἕνεκα

173 2451 239 2487 καὶ
264 2449 328 2487 τοῦ
354 2448 521 2487 δικαίου.

276 2515 486 2555 Praeterea
512 2514 712 2565 particulis
738 2515 837 2551 τέ-
852 2515 917 2552 καί
952 2515 1241 2556 enunciatorum
1267 2517 1440 2557 membra
1466 2529 1554 2557 con-

168 2579 398 2632 junguntur.
424 2579 490 2631 (cf.
525 2593 562 2631 p.
591 2580 672 2631 15.)
737 2580 785 2631 V,
814 2580 859 2630 83
895 2580 971 2631 243
1007 2581 1079 2632 253
1105 2581 1179 2633 453
1220 2582 1291 2633 613
1330 2582 1399 2633 853
1441 2583 1491 2621 89
1518 2584 1558 2619 et

173 2644 243 2692 VI,
270 2645 316 2696 63
345 2645 394 2696 93
424 2645 492 2697 143
522 2645 595 2697 233
622 2645 694 2696 293
721 2645 784 2684 38.
