1695 2931
798 113 849 156 43

697 317 860 380 Caput
889 319 974 369 VI.

639 433 709 478 De
740 434 953 492 particula
984 441 1038 490 γέ

230 558 426 599 Particula
450 560 494 606 γέ
520 571 645 610 neque
670 560 711 599 in
736 560 954 610 tetralogiis
982 571 1104 610 neque
1130 560 1170 598 in
1193 571 1246 599 or.
1260 560 1290 598 Ι.
1318 560 1415 598 bene
1441 570 1521 597 ser·

153 626 246 663 vata
272 626 342 663 est.
393 624 494 664 Nam
519 624 709 676 permulta
746 625 925 677 exempla
960 625 1017 664 ita
1052 624 1196 663 tradita
1234 628 1340 671 sunt,
1378 627 1421 662 ut
1454 626 1522 662 aut

154 689 203 729 de
229 689 351 741 ipsius
377 689 592 741 particulae
618 693 686 729 aut
712 689 762 729 de
788 702 917 730 eorum
941 690 1156 740 verborum,
1182 689 1407 739 quibuscum
1433 700 1521 727 con-

148 754 285 806 juncta
311 758 389 806 est,
425 754 588 795 veritate
625 754 794 795 dubitari
818 755 951 807 possit.
1004 754 1083 795 Sed
1109 755 1237 806 priore
1271 754 1355 793 loco
1383 752 1522 792 dicturi

152 830 284 859 sumus
315 818 364 859 de
390 819 447 859 eis
473 820 672 871 exemplis,
700 832 799 871 quae
827 832 906 860 non
932 824 1112 871 corrupta
1139 823 1238 859 sunt.

255 883 452 923 Particula
488 886 533 931 γέ
559 896 646 924 cum
683 885 973 937 pronominibus
998 884 1075 932 ἐγώ
1101 888 1139 924 et
1164 884 1251 933 ἐμοί
1276 883 1333 922 ita
1366 894 1409 921 se
1435 894 1524 922 con·

147 947 292 1000 Jungit‚
314 952 357 988 ut
383 953 529 990 mutato
556 953 719 990 accentu
748 963 825 990 una
861 963 938 990 vox
964 950 1080 997 ἔγωγε
1108 953 1146 988 et
1171 949 1297 998 ἔμοιγε
1324 946 1524 998 efficiatur,

153 1025 254 1064 quae
280 1026 395 1055 voces
419 1018 457 1054 et
482 1015 523 1055 in
557 1015 773 1067 tetralogiis
802 1020 841 1055 et
863 1016 903 1055 in
932 1029 985 1056 or.
1011 1016 1042 1054 I.
1061 1014 1218 1066 saepius
1256 1012 1368 1052 nobis
1395 1024 1523 1052 occur·

152 1082 251 1117 runt.
304 1079 365 1118 Ita
391 1079 555 1130 legimus
582 1079 700 1126 ἔγωγε
713 1081 774 1128 Αβ
792 1081 860 1129 11;
888 1080 947 1128 Ββ
972 1080 1022 1129 33
1051 1080 1106 1126 Γβ
1132 1079 1157 1117 2
1184 1082 1223 1116 et
1246 1077 1277 1127 I,
1308 1077 1352 1126 13
1379 1076 1423 1126 53
1453 1077 1524 1126 133

153 1143 225 1195 28;
250 1143 377 1194 ἔμοιγε
403 1145 617 1185 invenitur:
644 1145 701 1193 By
729 1146 750 1184 7
780 1149 831 1185 et·
846 1145 878 1195 1,
906 1145 966 1185 12.

256 1209 454 1249 Particula
488 1210 533 1257 γέ
557 1209 708 1249 accedit
743 1210 795 1249 ad
832 1221 1042 1263 pronomen
1079 1207 1421 1250 demonstrativum
1448 1216 1524 1248 uno

149 1273 235 1316 loco
262 1274 294 1329 Ι,
321 1273 358 1316 6.

256 1341 422 1393 Saepius
457 1343 652 1383 invenitur
689 1343 731 1382 in
766 1344 982 1383 enunciatis
1025 1344 1197 1383 relativis
1223 1344 1261 1393 1,
1298 1344 1319 1381 7
1358 1342 1453 1394 (bis)
1486 1342 1526 1381 et

151 1402 182 1455 Ι,
209 1403 272 1444 26.
696 1403 699 1406 ’

255 1470 516 1521 Interponitur
540 1473 733 1522 particula
758 1474 802 1519 γέ
827 1473 928 1511 inter
952 1473 1155 1511 articulum
1180 1476 1219 1510 et
1242 1471 1525 1511 substantivum

151 1533 214 1574 vel
252 1534 353 1575 inter
393 1537 717 1588 praepositionem
757 1550 804 1578 ac
843 1549 981 1578 nomen
1021 1549 1281 1589 pronomenve
1316 1535 1378 1576 his
1411 1534 1524 1576 locis:

151 1599 210 1646 Ar
236 1600 280 1650 23
307 1600 367 1648 Ββ
390 1602 438 1651 33
463 1602 496 1653 Ι,
522 1603 624 1653 7;1,
651 1603 713 1642 28.

254 1664 462 1706 Praeterea
494 1666 680 1717 legimus:
717 1660 780 1717 ’Ββ
808 1669 827 1707 1
857 1668 893 1706 εἰ
912 1668 963 1719 μῆ
991 1667 1093 1707 πολύ
1120 1681 1162 1715 γε
1188 1668 1393 1718 ἔψευσμαι.
1446 1665 1525 1706 Ad·

150 1729 323 1769 vex-bium
353 1729 456 1768 πολύ
486 1732 683 1783 particula·
701 1734 745 1779 γέ
770 1732 1018 1784 distinguitur
1042 1736 1159 1784 atque
1181 1732 1375 1784 premitur.
1415 1731 1448 1783 Ι,
1475 1731 1522 1770 11

150 1795 274 1833 καίτοι
307 1792 351 1835 εὖ
383 1795 476 1834 οἶδά
500 1797 533 1844 γ’
559 1796 595 1835 εἰ
619 1809 701 1849 sqq.
733 1798 959 1849 quibuscum
998 1798 1128 1839 verbis
1165 1796 1402 1838 conferenda
1435 1798 1525 1837 sunt

148 1857 191 1911 (ξ
220 1859 309 1912 13):
335 1860 442 1910 ἔγωγ’
468 1859 513 1899 εὖ
537 1861 641 1901 οῖδα.

253 1925 431 1977 Denique
455 1926 651 1967 invenitur
676 1929 869 1981 particula
893 1933 987 1978 γοῦν
1014 1930 1072 1979 Ββ
1100 1931 1161 1969 12.

254 1990 395 2033 Cetera
420 1993 600 2046 exempla
634 1995 766 2035 omnia
804 1996 846 2036 in
881 1995 1079 2037 codicibus
1113 1995 1200 2048 plus
1235 1995 1411 2036 minusve
1441 2006 1522 2035 cor-

148 2061 265 2108 rupta
305 2061 405 2097 sunt.
465 2059 522 2106 Br
563 2061 583 2098 1
623 2060 756 2110 ἥκιστα
790 2062 864 2111 γὰρ
902 2061 945 2099 ἔν
976 2075 1019 2107 γε
1054 2064 1106 2112 τῷ
1139 2061 1363 2110 ἔμπροσθεν
1394 2060 1521 2111 χρόνῳ

148 2118 306 2173 α’νειδῆς
331 2123 388 2160 ὧν
412 2123 485 2162 νῦν
509 2134 592 2175 sqq.
643 2124 719 2164 Pro
744 2125 789 2172 γέ
815 2128 874 2165 est
907 2127 948 2164 in
979 2137 1035 2177 pr.
1063 2125 1097 2164 A
1123 2125 1174 2176 τέ,
1201 2124 1263 2164 cui
1289 2129 1419 2165 tamen
1445 2124 1521 2165 lec-

147 2186 244 2228 tioni
275 2187 372 2227 nihil
407 2188 652 2229 tribuendum
678 2195 748 2230 est.
800 2190 859 2236 Αγ
887 2191 912 2229 6
955 2189 1050 2229 Ood.
1075 2191 1130 2229 N:
1169 2189 1221 2239 μὴ
1261 2191 1520 2240 παρακθῆνα·

147 2250 191 2289 δὲ
216 2252 285 2304 τήν
310 2253 467 2304 γραφὴν
492 2252 679 2303 οὐδεμίαν
713 2254 855 2293 ἐλπίδα
881 2254 957 2303 εἶχε
981 2256 1116 2293 τούτου
1141 2267 1184 2301 γε
1209 2253 1365 2302 ζῶνως,·
1401 2255 1522 2296 ceteri

147 2317 276 2359 codd:
326 2317 513 2368 οὐδεμίαν
554 2319 696 2358 ἐλπίδα
742 2320 777 2367 γ’
822 2320 899 2369 εἶχε
939 2319 1071 2359 ωύωυ
1119 2319 1267 2365 ζιόνως.
1347 2322 1522 2372 Utraque

145 2381 259 2425 lectio
294 2383 386 2425 ferri
423 2388 560 2437 potest.
611 2384 669 2422 Γδ
693 2385 719 2424 3
758 2385 829 2425 Est
863 2385 905 2424 in
930 2385 966 2424 A
993 2385 1096 2437 (fort.
1132 2385 1243 2438 corr.)
1279 2384 1422 2425 ἀνόσια
1447 2388 1523 2439 γὰρ

145 2448 229 2498 (ἂν)
255 2448 278 2487 ὅ
302 2463 345 2496 γε
371 2448 604 2498 διωκόμενος
638 2450 792 2496 πόθου
830 2450 871 2489 in
896 2450 932 2490 N
968 2462 1060 2490 vero
1095 2450 1279 2501 scriptum
1312 2455 1373 2491 est
1399 2451 1435 2497 ὅ,
1471 2466 1524 2499 π,

143 2511 185 2551 in
225 2513 279 2552 B:
324 2512 349 2551 ὅ
374 2526 432 2559 w,
468 2514 573 2564 vulg.
611 2513 690 2552 ὅδε.
742 2514 983 2554 Maetznerus
1022 2515 1175 2567 scripsit
1215 2515 1238 2554 ὅ
1273 2515 1523 2567 διωκόμενος,

143 2576 376 2619 Turicenses
392 2581 431 2618 et
447 2578 623 2620 Blassius
648 2582 875 2631 receperunt
901 2591 923 2619 e
941 2579 1074 2621 codice
1096 2581 1130 2620 A
1158 2580 1183 2618 ὅ
1208 2594 1250 2628 γε
1278 2580 1523 2632 διωκόμενος.

143 2641 200 2680 m
227 2644 253 2683 5
279 2643 445 2686 Codices
466 2645 672 2697 praebent:
697 2643 764 2684 τὸν
784 2644 829 2683 δὲ
850 2646 1031 2686 θάνατον
1049 2648 1128 2692 πῶς
1155 2647 1208 2686 ἄν
1233 2647 1524 2698 ἐπεβούλευσεν,
