1695 2931
783 118 835 160 35

120 233 170 274 de
193 243 274 283 rep.
296 230 328 280 I,
355 228 434 269 334
450 226 499 267 C:
525 224 627 269 stade
652 224 736 274 μέν,
764 222 831 275 IV,
857 223 936 263 423
953 223 1007 263 B:
1034 223 1142 273 οἶμαι
1158 224 1243 274 μέν,
1270 235 1385 265 wenn
1412 223 1501 264 dem

121 297 228 336 dont
250 296 333 344 μέν,
361 293 469 341 οἶμαι
494 292 578 340 μέν.
604 290 705 333 εἰκὸς
725 290 799 337 μέν
825 289 917 327 kein
945 288 990 326 δέ
1016 289 1253 340 entspreche,
1280 302 1324 329 so
1351 290 1409 329 sei
1436 289 1501 329 ein

121 362 257 413 σαφῶς
284 358 321 398 δ’
347 355 418 397 οὐκ
444 355 535 395 οἶδα
562 367 600 395 n.
626 354 706 405 dgl.
737 366 785 393 zu
823 353 1037 405 suppliren3
1077 354 1257 395 indessen
1297 367 1341 395 so
1382 366 1502 406 gerne

121 429 193 467 wir
218 425 413 476 zugeben,
450 422 541 461 dass
568 421 632 460 ein
657 419 777 459 durch
803 420 877 468 μέν
911 419 1271 470 hervorgehobenes
1298 420 1407 458 δοκεῖ
1431 425 1503 460 ect.

123 493 236 533 einen
263 487 434 529 latenten
463 488 674 537 gegensatz
701 484 742 523 in
769 483 853 524 sie-h
879 484 1088 524 schliessen
1114 485 1239 534 kann,
1278 497 1321 524 so
1348 490 1503 525 mussen

121 557 195 597 wir
220 554 320 594 doch
347 553 472 592 daran
498 550 723 599 festhalten,
764 548 856 588 dass
895 550 968 597 μέν
1002 549 1109 588 nicht
1137 550 1362 601 notwendig
1388 551 1503 590 einen

122 618 332 672 folgenden
368 619 581 669 gegensatz
618 614 801 665 bedingt,
839 613 1007 654 sondern
1043 614 1197 654 einfaeh
1235 614 1299 655 die
1334 627 1503 666 aussage

122 685 204 726 und
230 683 388 737 speciell
412 682 489 723 den
515 679 852 721 voranstehenden
865 679 1012 731 begriff
1021 680 1266 720 versichert“.
1319 681 1506 721 Similiter

125 750 221 790 dicit
245 749 403 789 Rostius
430 747 579 799 (Ueber
605 745 1079 796 ableitung‚-bedeutung
1106 745 1185 785 und
1212 746 1408 796 gebi-auch
1437 746 1506 787 der

123 815 294 867 partikel
321 811 393 852 οὖν
420 826 457 864 p.
485 813 547 863 7):
600 812 670 851 Bei
698 811 786 851 dem
806 811 1009 851 absoluten
1030 811 1181 863 (ausser
1198 811 1505 863 correspondenz

125 880 195 920 mit
221 879 370 920 andern
395 877 594 930 partikeln
621 877 900 928 gebrauchten)
928 878 1001 926 μὲν
1028 874 1100 915 οὖν
1125 876 1177 917 ist
1201 878 1275 926 μέν
1301 877 1361 918 als
1388 878 1506 929 abge-

126 946 347 987 schwitchte
373 944 473 984 form
500 943 563 983 fur
587 944 665 995 μήν
691 955 739 983 zu
767 943 1011 994 betrachten‚
1045 955 1090 983 so
1117 943 1209 983 dass
1234 943 1318 983 sich
1347 943 1409 983 fur
1433 946 1506 994 μὲν

127 1008 198 1051 οὖν
223 1010 286 1050 die
311 1010 570 1059 ubersetzung
602 1009 768 1059 »gewiss
793 1008 873 1048 und
899 1007 1156 1059 wahrhaftig3
1201 1020 1302 1059 ganz
1335 1009 1502 1060 gewis&

127 1074 316 1127 ergiebt“.
369 1074 448 1115 Sed
480 1074 565 1125 ipse
593 1073 835 1114 Maetznerus
871 1073 1062 1113 adnotans
1097 1073 1150 1112 ad
1176 1075 1237 1123 Αβ
1262 1074 1289 1114 5
1316 1074 1370 1126 (p.
1399 1074 1507 1126 153),

127 1141 287 1182 voculae
330 1141 404 1189 μέν
442 1143 673 1191 potestatem
707 1139 880 1190 proxime
915 1138 1099 1179 accedere
1134 1139 1187 1178 ad
1223 1140 1268 1185 γέ
1292 1139 1506 1191 particulae

109 1205 207 1257 *vim
234 1208 273 1244 et
298 1204 563 1253 Hartungius‚
597 1203 663 1252 qui
688 1203 783 1242 dicit
810 1203 851 1252 (l.
877 1215 907 1242 c.
933 1203 974 1242 II
999 1216 1038 1253 p.
1063 1203 1179 1252 412):
1214 1203 1364 1255 „dieses
1396 1204 1506 1256 ellip-

128 1269 252 1311 tische
277 1270 350 1319 μέν
375 1269 457 1309 tritt
477 1267 710 1309 namentlich
725 1267 767 1308 in
784 1267 940 1319 einigen
958 1267 1199 1308 bestimmten
1215 1268 1506 1321 verbindungen

130 1334 216 1386 auf,
253 1346 315 1374 wo
342 1333 521 1374 dasselbe
547 1333 617 1372 mit
642 1333 687 1380 γέ
712 1333 801 1373 sehr
825 1333 928 1372 nahe
954 1332 1157 1373 verwandt
1182 1334 1412 1386 erscheint“‚
1439 1335 1505 1375 de-

129 1402 364 1450 monstrant,
411 1398 459 1438 de
496 1397 623 1449 ellipsi
658 1397 820 1448 eogitari
860 1409 938 1437 non
975 1409 1100 1449 posse.
1160 1398 1261 1438 Nam
1295 1399 1508 1441 rectissime

129 1465 374 1504 Hermannus
400 1463 452 1503 ad
478 1463 663 1514 Vigerum
688 1475 726 1514 p.
756 1463 833 1503 822
859 1462 1037 1502 adnotat:
1079 1463 1345 1516 „Quamquam
1370 1469 1410 1506 et
1433 1467 1508 1516 μέν

131 1533 171 1569 et
196 1530 240 1576 γέ
264 1529 490 1580 plerumque
516 1539 586 1578 per
621 1527 777 1577 quidem
816 1527 980 1578 exprimi
1018 1532 1200 1579 possunt,
1231 1532 1362 1568 tamen
1397 1530 1508 1582 ipsae

130 1594 232 1635 inter
256 1605 299 1634 se
324 1593 486 1633 multum
511 1592 705 1632 differunt.
766 1593 940 1642 Utraque
979 1593 1197 1633 restrictiva
1230 1598 1307 1646 est,
1341 1595 1412 1635 sed
1435 1597 1509 1645 μέν

131 1658 185 1699 ad
209 1661 312 1699 totas
337 1657 647 1708 enunciationes,
685 1657 730 1704 γέ
769 1656 822 1696 ad
853 1647 983 1709 partes
1011 1657 1323 1699 enunciationum
1348 1664 1510 1712 spectat.

133 1723 286 1764 Deinde
310 1724 385 1773 μέν
411 1722 581 1763 excludit
606 1722 696 1770 alia,
721 1723 766 1770 γέ
790 1734 869 1762 non
895 1721 1076 1774 excludit,
1103 1722 1173 1763 sed
1198 1723 1255 1764 ita
1268 1727 1419 1766 tantum
1432 1726 1509 1768 dis·

132 1788 287 1839 tinguit,
313 1791 357 1827 ut
381 1787 443 1838 id,
469 1787 573 1838 quod
599 1786 868 1836 distinguitur,
898 1787 1066 1827 eminere
1091 1791 1183 1827 ante
1209 1789 1290 1829 alia
1315 1790 1509 1841 significe—

132 1857 203 1893 tur.
265 1853 367 1892 Hinc
397 1853 471 1901 μέν
506 1852 626 1891 habet
651 1852 880 1903 particulam
906 1851 971 1902 δέ,
1011 1864 1112 1902 quae
1136 1853 1173 1893 ei
1199 1860 1439 1907 opponatur;
1464 1858 1510 1904 γέ

132 1918 279 1959 nullam
310 1917 431 1959 habet
455 1917 684 1970 particulam
711 1916 961 1969 oppositam.“
1027 1917 1139 1965 Quod
1164 1918 1199 1958 si
1224 1923 1329 1960 recte
1354 1922 1510 1974 exposi-

133 1987 217 2024 tum
243 1988 314 2036 est,
342 1987 517 2035 apparet,
545 1983 602 2023 eis
628 1983 735 2034 locis,
761 1983 829 2022 ubi
854 1982 1044 2034 particula
1068 1984 1142 2031 μέν
1153 1985 1328 2034 proxime
1345 1987 1510 2028 accedat

133 2048 186 2089 ad
212 2049 427 2101 particulae
452 2049 496 2096 γέ
521 2048 617 2098 vim,
652 2047 761 2087 illam
794 2047 1062 2099 accipiendam
1101 2060 1185 2089 esse
1210 2061 1279 2101 pro
1305 2054 1509 2093 attenuata

133 2115 348 2172 particulae
369 2113 447 2165 μήν
474 2114 610 2165 forma,
637 2126 738 2164 quae
764 2114 908 2153 habeat
933 2118 1172 2154 attenuatam
1198 2116 1393 2165 quandam
1419 2131 1509 2168 gra-

134 2179 253 2220 vioris
280 2179 385 2220 illius
411 2179 559 2220 formae
593 2179 682 2219 vim.
744 2178 856 2227 Quod
891 2191 1007 2230 quam
1039 2191 1170 2220 verum
1205 2180 1256 2220 sit
1281 2181 1425 2233 optime
1449 2183 1508 2224 in-

133 2246 345 2297 telligimus
371 2258 393 2285 e
417 2246 705 2296 comparatione
732 2244 868 2284 horum
895 2246 1085 2285 locorum:
1123 2246 1169 2296 V,
1197 2246 1247 2284 14
1273 2249 1397 2285 καίτοι
1422 2249 1510 2294 mdc

134 2323 177 2357 γε
202 2309 345 2360 νόμους
380 2313 422 2348 οἳ
451 2315 594 2347 uernat
627 2321 710 2360 sqq.
748 2313 788 2349 et
811 2310 879 2361 VI,
913 2310 938 2350 2
971 2309 1038 2347 aaz
1070 2310 1155 2354 τοὺς
1185 2311 1258 2361 μὲν
1292 2310 1438 2361 νόμους
1471 2317 1514 2353 ot

135 2381 279 2414 κεῖνται
305 2388 386 2427 sqq.
447 2375 556 2415 Haec
593 2374 713 2415 verba
738 2387 787 2415 ex
814 2375 949 2416 eodem
978 2375 1062 2416 loco
1092 2377 1282 2416 communi
1307 2376 1512 2431 desumpta

136 2451 222 2481 esse
241 2443 280 2480 et
298 2439 462 2481 eandem
488 2438 569 2479 fere
598 2439 830 2479 sententiam
857 2440 1043 2491 praebere
1068 2440 1107 2479 in
1124 2446 1258 2491 aperto
1273 2445 1355 2493 est;
1381 2443 1513 2495 itaque

134 2506 350 2557 posteriora
374 2506 495 2546 verba
521 2517 599 2545 non
624 2505 753 2556 magis
779 2518 895 2556 quam
926 2507 1058 2557 priora
1085 2506 1365 2557 oppositionem
1392 2521 1513 2560 quan-

136 2569 227 2611 dam
254 2570 487 2612 desiderant.
538 2569 678 2610 Cetera
691 2570 869 2622 exempla
881 2570 1074 2611 invenies:
1101 2569 1221 2620 Ad43
1247 2571 1305 2619 By
1320 2573 1364 2624 13
1392 2574 1451 2612 Γα
1466 2575 1512 2625 1ς

135 2635 198 2675 Boe
226 2637 353 2688 131*ss
378 2636 482 2688 231,
507 2634 667 2687 2531*ss
692 2635 729 2675 5.

1168 2702 1229 2743 3ὓ
