1695 2931
809 113 862 152 45

145 230 261 273 posse
286 222 416 270 putat:
456 218 487 269 Ι,
514 218 565 258 25
599 217 672 268 ἤδη
698 216 733 264 r'
761 215 833 255 οὖν
860 216 970 263 α’ξιῶ,
998 217 1063 257 ubi
1090 217 1207 257 ceteri
1235 216 1388 257 codices
1414 219 1519 256 recte

144 284 355 337 praebent:
383 283 455 333 ἤδη
484 281 553 322 οὖν
578 282 668 328 ἐγώ.

254 349 413 388 Duobus
439 360 531 387 vero
567 347 663 387 locis
703 346 825 386 codex
851 347 886 386 N
914 348 1139 398 particulam
1165 349 1208 394 γέ
1233 347 1334 387 male
1360 347 1519 387 omittit:

145 417 178 468 I,
207 416 255 455 13
292 412 380 452 ἀλλ’
417 412 488 452 οὐκ
528 411 650 463 ὑμεῖς,
690 411 723 450 ὦ
756 411 894 462 ἄνδρες
920 425 989 463 pro
1017 411 1122 461 ὑμεῖς
1147 427 1188 459 γε
1215 413 1280 464 (cf.
1307 413 1353 464 V,
1381 413 1431 452 86
1465 414 1517 463 μὴ

145 479 253 531 ὑμετς
287 492 331 526 γε
367 476 399 516 ὦ
430 477 599 529 ἄνδρες).
666 477 717 516 Et
748 477 779 527 1,
807 477 858 516 23
894 477 1025 516 τούτου
1057 479 1168 515 ἕνεκα
1209 490 1275 529 pro
1311 480 1442 516 ωιῐωυ
1477 492 1520 524 γε

145 550 270 586 ἕνεκα.
967 537 983 548 ⁰

252 611 312 651 De
352 610 605 650 collocatione
656 608 822 658 denique
864 608 1069 648 verborum
1108 609 1260 648 codices
1300 609 1520 660 discrepant

146 678 178 728 Ι,
205 678 256 717 29
291 688 382 715 nam
407 687 492 715 cum
517 675 551 715 N
579 674 739 714 habeat:
779 673 893 713 οὐδὲν
919 673 1023 711 ἴσασι
1058 676 1150 722 πρὶν
1175 675 1206 718 γ’
1236 673 1307 723 ἤδη
1331 674 1374 712 ἓν
1413 674 1518 725 αὐτῷ

149 741 219 781 ὦσι
243 743 298 793 τῷ
325 742 443 792 κακῷ,
470 741 511 780 in
535 740 609 779 ZM
635 740 818 790 scriptum
847 743 925 778 est:
953 740 1057 777 ἴσασί
1082 753 1123 784 γε
1141 742 1232 786 πρὶν
1257 738 1301 777 ἐν
1327 737 1431 790 αὐτῷ
1449 739 1521 790 ἤδη

146 809 197 857 τῷ
226 806 334 855 κακῷ
365 809 404 844 et
440 804 599 854 vulgata
634 804 812 854 praebet:
851 801 967 841 οὐδὲν
1002 805 1104 839 ἴσασι
1132 805 1223 849 πρὶν
1249 802 1292 839 ἐν
1320 801 1424 853 αὐτῷ
1453 801 1522 841 ὦσι

145 872 198 922 τῷ
224 871 332 920 κακῷ
357 869 392 915 γ’
418 868 501 919 ἤδη.

252 935 298 973 In
326 947 379 974 or.
405 934 449 973 V.
476 938 515 974 et
542 934 606 973 VI.
639 934 831 984 particula
857 935 901 980 γέ
927 933 1046 972 multo
1083 933 1219 972 melius
1255 937 1412 973 servata
1453 938 1523 973 est.

148 1002 275 1052 Atque
315 1000 478 1052 primum
521 1000 716 1039 invenitur
755 999 878 1039 forma
918 999 1033 1046 ἔγωγε
1075 999 1119 1049 V,
1147 999 1210 1048 52,
1238 1000 1313 1049 673
1355 999 1422 1050 VI,
1451 1000 1521 1050 153

149 1067 275 1115 ἔμοιγε
301 1078 489 1116 nusquam
516 1065 667 1115 legitur.

253 1129 447 1170 Particula
472 1130 516 1176 γέ
542 1141 628 1168 cum
655 1129 878 1181 pronomine
915 1128 1215 1169 demonstrativo
1243 1129 1391 1169 duobus
1428 1129 1522 1170 locis

147 1196 354 1248 conjuncta
381 1199 440 1235 est
466 1196 510 1245 V,
537 1196 608 1245 633
636 1195 698 1234 84.

253 1260 380 1302 Semel
419 1272 628 1312 pronomen
663 1260 866 1311 personale
902 1258 1008 1309 ὑμεῖς
1047 1261 1237 1312 particula
1283 1263 1328 1309 γέ
1361 1263 1520 1305 effertur

148 1328 194 1377 V,
222 1327 283 1366 86.

251 1391 349 1431 Tum
384 1391 443 1431 bis
479 1390 619 1441 legitur
654 1394 752 1442 part.
780 1391 819 1439 γε’
852 1390 893 1430 in
924 1391 1138 1431 enunciatis
1175 1393 1346 1434 relativis
1374 1394 1420 1445 V,
1446 1395 1521 1446 413

147 1457 213 1508 VI,
240 1457 302 1496 26.

253 1522 317 1561 Ad
343 1521 460 1561 aliam
487 1520 683 1572 quandam
708 1533 840 1561 vocem
869 1521 1181 1572 distinguendam
1208 1527 1324 1573 atque
1349 1536 1523 1575 premen-

150 1587 239 1627 dam
266 1586 423 1638 saepius
450 1591 657 1638 usurpatur
682 1586 727 1637 V,
757 1587 824 1636 1ος
852 1588 928 1636 71;
957 1588 1031 1636 783
1061 1588 1122 1626 28.

253 1652 473 1691 Particulae
500 1653 621 1689 καίτοι
650 1673 697 1680 --
726 1652 770 1698 γέ
796 1651 859 1690 vel
885 1653 1007 1689 καίτοι
1033 1665 1075 1698 γε
1101 1652 1295 1692 nonnullis
1312 1652 1408 1692 locis
1434 1665 1523 1693 con·

143 1716 305 1770 junctae
327 1717 506 1768 leguntur
524 1729 570 1757 eo
598 1716 828 1767 discrimine,
855 1720 897 1756 ut
923 1717 963 1755 in
991 1716 1130 1767 prioris
1153 1718 1307 1767 generis
1336 1719 1522 1770 exemplis

148 1794 197 1822 ea
224 1795 323 1829 νοΧ,
356 1794 456 1833 quae
485 1782 614 1821 media
639 1782 868 1832 interposita
894 1782 964 1832 sit,
998 1782 1198 1832 efferatur,
1235 1783 1275 1821 in
1301 1784 1523 1833 posterioris

148 1848 277 1885 autem
305 1845 459 1896 generis
494 1844 681 1896 exemplis
709 1844 796 1896 ipsa
831 1844 1104 1896 particularum
1139 1845 1244 1885 notio
1270 1849 1429 1886 acuatur
1454 1845 1522 1892 (cf.

149 1910 326 1950 Klotzius
344 1910 396 1950 ad
411 1910 622 1950 Devarium
636 1923 672 1961 p.
687 1909 803 1961 654);
835 1910 883 1949 cf.
910 1910 955 1959 V,
986 1910 1055 1959 143
1086 1911 1154 1959 193
1182 1911 1253 1960 613
1281 1911 1350 1961 743
1377 1911 1442 1961 VI,
1459 1912 1523 1951 46.

253 1975 431 2026 Denique
457 1974 531 2013 hue
557 1974 751 2026 pertinent
777 1974 898 2013 verba
919 1974 963 2021 V,
992 1974 1063 2013 24:
1092 1963 1214 2012 'mim
1239 1975 1284 2022 γέ
1309 1973 1356 2014 οὔ
1380 1974 1522 2025 δήπου

149 2040 229 2078 κατ’
254 2040 422 2088 ἐμαυτοῦ
448 2040 615 2090 μηνυτὴν
642 2040 827 2088 ἔπεμπον.
894 2040 959 2079 Sic
986 2052 1117 2079 omnes
1154 2040 1304 2080 codices
1327 2052 1403 2079 uno
1430 2053 1523 2080 oxo-

149 2104 275 2144 niensi
299 2108 472 2155 excepto,
499 2104 565 2154 qui
586 2104 766 2155 praebet:
794 2104 916 2140 natm
941 2102 987 2142 οὐ
1016 2103 1142 2153 δήπου
1167 2116 1209 2149 γε
1235 2115 1316 2153 sqq.
1368 2104 1521 2144 Utrum·

150 2180 224 2218 que
251 2169 342 2207 ferri
378 2172 505 2220 potest
533 2168 598 2218 (de
626 2168 826 2218 particulis
854 2166 900 2204 οὐ
928 2166 979 2216 δή
1006 2161 1083 2206 πού
1107 2181 1149 2213 γε
1175 2167 1222 2206 cf.
1248 2168 1423 2207 Klotzius
1459 2168 1522 2207 ad.

145 2226 242 2273 Dev.
269 2246 306 2285 p.
335 2232 440 2283 700).

110 2297 114 2301 ”
252 2297 474 2337 Particulae
499 2297 628 2343 μέντοι
655 2310 696 2341 γε
723 2295 1008 2346 conjunguntur
1035 2296 1079 2344 V,
1109 2296 1179 2344 193
1217 2296 1282 2345 VI,
1307 2298 1353 2346 33
1379 2298 1452 2345 μέν
1479 2312 1521 2344 γε

147 2362 194 2413 V,
223 2363 297 2413 143
326 2362 371 2399 δέ
398 2375 436 2409 γε
462 2361 507 2411 V,
535 2362 606 2409 673
632 2363 739 2408 εἴπερ
766 2373 807 2405 γε
833 2360 879 2410 V,
905 2359 979 2409 453
1005 2360 1047 2405 γὲ
1075 2359 1126 2409 δή
1152 2360 1196 2407 V,
1223 2361 1287 2399 57.

253 2427 418 2480 Saepius
444 2427 636 2480 particula
662 2421 916 2478 interponitur
941 2425 1041 2465 inter
1067 2425 1268 2466 articulum
1297 2430 1337 2467 et
1363 2440 1522 2468 nomen:

146 2493 191 2541 V,
220 2495 289 2543 143
319 2494 386 2543 153
414 2494 485 2542 503
512 2494 584 2542 91;
612 2493 674 2532 95.

251 2559 298 2599 In
324 2571 378 2599 or.
405 2558 470 2598 VI.
497 2558 623 2599 simile
650 2556 743 2609 quid
771 2569 847 2597 non
873 2552 1078 2597 invenitur.

254 2624 360 2664 Inter
385 2623 622 2676 adjectivum
649 2627 689 2663 et
714 2635 854 2663 nomen
872 2623 1069 2675 „particula
1095 2624 1139 2672 γέ
1165 2623 1361 2665 invenitur
1388 2625 1434 2677 V,
1461 2627 1524 2666 92.
