1695 2931
239 842 468 893 Priusquam
495 842 546 882 ad
573 842 700 893 ipsam
726 853 829 893 rem,
855 853 971 892 quam
996 841 1109 881 nobis
1135 841 1421 893 proposuimus,
1447 854 1516 892 ag-

137 907 353 959 gredimur,
388 920 535 959 pauca,
579 919 679 958 quae
715 911 848 946 nostra
884 906 932 947 de
968 906 1143 947 codicum
1178 906 1515 958 antiphonteorum

136 971 213 1013 fide
240 972 432 1013 sententia
459 972 521 1024 sit,
546 971 831 1024 praemittenda
857 976 956 1012 sunt.
1008 972 1108 1012 Nam
1127 971 1232 1012 haud
1249 972 1384 1024 paucis
1402 972 1516 1013 buius

137 1037 419 1077 dissertationis
443 1037 540 1078 locis
566 1037 725 1076 multum
758 1037 904 1077 valebit
918 1066 929 1087 ,
969 1041 1095 1076 utrum
1122 1037 1265 1077 codicis
1292 1038 1514 1077 oxoniensis

140 1102 209 1153 (N)
236 1102 466 1142 lectionibus
494 1114 579 1141 eam
606 1102 820 1141 tribuamus
833 1101 959 1151 fidem,
986 1114 1100 1152 quam
1113 1102 1367 1152 Maetznerus,
1394 1102 1514 1141 Fran-

135 1167 244 1218 kius,
271 1167 464 1218 Blassius,
491 1180 542 1206 an
570 1166 733 1218 Sauppii
761 1167 928 1206 maxime
953 1167 1181 1206 sententiam
1208 1179 1422 1217 sequamur,
1448 1167 1515 1217 qui

135 1244 203 1282 ea,
240 1244 339 1282 quae
378 1232 599 1271 oxoniensis
634 1231 847 1282 peculiaria
882 1227 1093 1282 eademqne
1132 1244 1226 1270 vera
1263 1232 1426 1282 habeat,
1462 1232 1512 1271 ab

134 1297 288 1338 homine
313 1296 427 1337 docto
454 1300 493 1337 et
519 1297 723 1348 ingenioso
751 1300 836 1337 orta
862 1307 948 1337 esse
975 1296 1105 1336 docuit
1130 1296 1195 1347 (cf.
1208 1297 1370 1348 Sauppii
1397 1309 1513 1347 quae·

132 1363 277 1403 stiones
303 1362 598 1413 antiphonteae,
637 1373 737 1411 quae
775 1362 1019 1401 continentur
1055 1362 1095 1401 in
1130 1361 1259 1402 indice
1295 1362 1512 1402 scholarum

133 1427 328 1478 Georgiae
353 1427 554 1478 Augustae
584 1427 681 1467 1861
712 1439 750 1478 p.
770 1426 797 1465 4
824 1426 923 1477 sqq.)
977 1426 1082 1468 Sane
1109 1426 1206 1466 haec
1233 1428 1409 1478 quaestio
1439 1427 1511 1467 dif-

131 1493 304 1540 ficillima
330 1497 389 1532 est
414 1492 466 1531 ad
493 1492 793 1543 dijudicandum.
822 1505 946 1542 neque
970 1504 1057 1531 eam
1079 1493 1228 1531 solvere
1241 1499 1411 1532 nostrum
1426 1505 1511 1533 esse

131 1561 269 1610 potest.
329 1558 465 1608 Itaque
500 1557 541 1596 id
573 1561 721 1596 tantum
759 1556 942 1608 dicimus,
987 1558 1028 1596 in
1065 1557 1147 1596 dies
1185 1558 1312 1608 magis
1346 1558 1510 1610 Sauppii

131 1623 363 1665 sententiam
391 1623 502 1663 nobis
530 1623 781 1674 comprobari.
834 1622 943 1670 Quae
969 1635 1053 1662 cum
1081 1623 1136 1661 ita
1153 1623 1242 1671 sint,
1270 1623 1385 1673 locos,
1412 1636 1508 1674 quos

132 1688 289 1728 allaturi
315 1699 457 1737 sumus,
484 1687 691 1727 editionem
719 1687 949 1726 turicensem
976 1686 1095 1726 secuti
1117 1687 1331 1727 citabimus.

235 1753 443 1792 Praeterea
468 1752 517 1792 de
542 1753 607 1791 via
633 1764 681 1791 ac
707 1752 856 1791 ratione
883 1752 1023 1802 quibus
1050 1752 1109 1791 usi
1146 1753 1504 1793 commentationem

131 1821 302 1858 nostram
326 1817 537 1857 instituturi
562 1828 705 1873 sumus,
732 1816 828 1855 haec
854 1815 1020 1854 dicenda
1046 1820 1145 1855 sunt.
1204 1816 1300 1855 Cum
1326 1823 1364 1856 et
1390 1822 1505 1856 tetra-

130 1882 341 1934 logiarum,
382 1893 483 1933 quae
522 1885 727 1933 vocantur,
786 1885 824 1920 et
859 1880 1044 1921 orationis
1086 1881 1234 1933 primae
1282 1882 1503 1933 (κατηγορία

131 1949 377 1999 φαρμακείας
412 1947 507 1985 κατὰ
534 1948 735 1998 μητρυιᾶς)
768 1947 877 1998 origo
912 1951 1028 1998 atque
1069 1947 1278 1986 auctoritas
1313 1959 1338 1986 a
1374 1948 1504 1988 multis

129 2005 351 2065 eisdemque
377 2012 607 2054 doctissimis
633 2012 848 2053 hominibus
877 2011 990 2052 valde
1015 2012 1056 2051 in
1071 2011 1347 2052 dubitationem
1364 2017 1502 2053 vocata

128 2080 197 2130 sit,
234 2080 305 2119 has
345 2079 539 2119 orationes
574 2079 803 2118 tractatione
842 2078 1040 2129 complecti
1075 2081 1115 2116 et
1155 2078 1290 2117 eodem
1314 2077 1425 2118 modo
1452 2078 1501 2118 de

128 2144 265 2187 ceteris
290 2144 541 2196 orationibus,
569 2155 665 2195 quas
691 2155 824 2184 omnes
851 2143 932 2184 fere
945 2142 1174 2195 Antiphonti
1192 2142 1399 2195 vindicant,
1422 2155 1500 2185 una

129 2210 472 2262 comprehensione
498 2221 617 2260 agero
643 2208 829 2248 volumus.
