1695 2931
886 98 944 151 '48

225 220 464 269 receperunt.
518 216 597 258 Sed
615 217 745 257 nescio
765 229 817 256 an
838 216 945 269 justo
958 216 1048 268 jure
1066 216 1239 268 fecerint,
1267 217 1494 269 pracsertim
1520 228 1607 257 cum

225 282 343 322 etiam
378 282 594 333 particulae
632 283 755 319 καίτοι
790 285 829 321 et
863 282 993 331 μέντοι
1019 282 1060 321 in
1096 282 1313 333 tetralogiis
1346 282 1502 322 omnino
1529 293 1607 321 non

224 346 485 387 inveniantur.
982 390 983 393 ,

328 413 458 452 Etiam
485 413 527 451 in
553 425 605 452 or.
632 413 662 451 1.
689 413 756 452 ille
781 413 900 459 locus,
929 412 994 462 qui
1023 423 1121 451 unus
1153 411 1384 463 particulam
1410 413 1468 450 τοί
1494 424 1605 463 prae·

222 477 306 529 bct,
346 481 548 530 corruptus
587 482 655 518 est.
708 477 861 518 Etenim
896 489 1028 517 omnes
1062 476 1143 517 fere
1177 477 1424 518 consentiunt
1460 477 1604 518 verba:

222 547 246 592 ξ
281 545 330 582 27
372 543 470 581 οὕτω
511 543 556 579 δέ
581 556 638 580 τοι
677 546 742 580 καὶ
781 542 902 579 §hotv
940 542 1005 579 ἐπὶ
1043 548 1121 586 τοῖς
1161 540 1357 586 αἠουσίοις
1392 542 1603 593 παθήμασι

220 606 372 658 μᾶλλον
400 606 581 658 προσήκει
609 607 633 658 ἧ
659 620 742 658 sqq.
768 607 823 647 sic
859 606 952 646 ferri
991 618 1067 646 non
1094 618 1220 658 posse.
1272 606 1454 656 Reiskius
1481 606 1600 647 adno-

223 676 281 711 tat
307 673 361 722 (p.
389 671 484 723 618)
515 672 678 723 „scabra
705 675 744 711 et
771 672 901 710 hiulca
927 670 1095 721 oratio“;
1131 674 1170 710 et
1195 674 1282 722 post
1308 671 1409 710 hunc
1436 671 1602 711 clarissi-

221 749 324 776 mum
362 735 486 775 virum
531 736 796 787 Maetznerus,
836 735 1075 788 Schmittius,
1115 735 1350 786 Lindnerus,
1389 735 1601 788 Kayserus,

220 802 396 841 Blassius
423 802 602 840 lacunam
629 804 860 847 statuerunt,
886 801 987 840 alius
1014 800 1092 840 alio
1119 800 1233 840 modo
1259 801 1415 852 explere
1442 801 1601 842 studens

220 866 286 919 (cf.
313 866 373 906 ed.
402 866 457 905 Bl.
483 879 520 917 p.
551 865 627 917 10).
682 866 865 906 Fortasse
893 865 1109 917 corruptela
1143 865 1184 905 in
1211 866 1299 918 ipsa
1325 866 1517 918 particula
1542 881 1600 907 τοι

220 933 342 981 inest,
372 944 474 981 quae
500 936 706 981 praeterea
744 943 932 980 nusquam
966 931 1007 969 in
1035 944 1088 970 or.
1115 932 1145 970 I.
1180 932 1394 982 invenitur-3
1436 933 1598 984 (codicis

217 998 254 1038 N
292 997 495 1037 lectionem
531 998 554 1045 ξ
593 996 643 1034 10
679 1008 734 1033 τοι
770 993 892 1045 αὐτήν
943 995 983 1035 in
1024 994 1200 1046 τοιαύτην
1249 1008 1334 1037 csse
1373 996 1597 1038 mutandam

218 1063 399 1104 viderunt
425 1061 735 1111 Schoemannus,
763 1061 978 1111 Frankius,
1014 1061 1192 1112 probavit
1217 1061 1410 1113 Sauppius
1446 1062 1495 1102 cf.
1520 1062 1597 1103 ind.

218 1127 336 1168 schol.
372 1140 408 1177 p.
445 1126 522 1177 14).
585 1125 767 1164 Reiskius
803 1137 954 1175 quoque
987 1126 1027 1164 in
1064 1126 1198 1176 primis
1233 1127 1430 1166 cnunciati
1468 1128 1596 1169 verbis

217 1193 355 1244 haesit,
382 1191 573 1231 adnotans
596 1190 782 1243 „fortasse
800 1190 1007 1241 legendum
1034 1194 1093 1231 est
1119 1189 1189 1228 οὔκ
1207 1189 1312 1230 οἶδεν
1340 1190 1396 1230 ὅτι
1423 1195 1596 1240 συγγνοί-

216 1271 293 1310 μην
319 1258 421 1305 ἔχειν
447 1259 513 1294 καὶ
539 1255 689 1294 ἐλεεῒνῖ
714 1256 778 1295 vel
805 1255 889 1304 οὐχὶ
917 1255 961 1294 δὲ
988 1256 1082 1294 nal?
1332 1246 1335 1249 .

320 1323 366 1362 In
395 1335 448 1362 or.
467 1322 511 1361 V.
538 1333 666 1373 pauca
692 1320 941 1376 inveniuntur
967 1321 1156 1373 exempla,
1184 1321 1232 1360 de
1259 1322 1399 1372 quibus
1426 1322 1595 1363 dubitari

215 1401 293 1429 non
321 1392 456 1440 potest.
510 1387 571 1426 Ita
598 1386 790 1438 particula
817 1388 874 1424 τοί
899 1387 940 1426 in
967 1387 1131 1439 apodosi
1164 1400 1250 1427 cum
1276 1389 1528 1429 asseverandi
1555 1390 1595 1430 vi

215 1455 343 1507 posita
371 1457 448 1492 est:
489 1453 534 1503 V,
563 1452 615 1491 48
641 1452 747 1501 εἴπερ
774 1451 847 1501 γὰρ
876 1454 941 1489 καὶ
965 1458 1173 1502 μαρτυρεῖν
1199 1452 1316 1499 ἔξεστι
1343 1452 1469 1505 δούλῳ
1496 1457 1594 1493 κατὰ

214 1520 280 1557 τοῦ
307 1516 520 1565 ἐλευθέρου
547 1514 613 1552 τὸν
640 1513 767 1564 φόνον
793 1515 923 1552 mxl—
940 1514 1041 1560 εἰκός
1066 1529 1122 1553 τοι
1149 1518 1215 1554 καὶ
1242 1519 1383 1568 ψῆφον
1407 1519 1593 1564 γενέσθαι

214 1585 301 1633 περὶ
328 1581 442 1622 αὐτοῦ
468 1579 527 1631 ἢν.

209 1685 212 1688 .
318 1646 665 1697 Frequentissimus
702 1657 868 1696 graecae
905 1645 1085 1686 dictionis
1112 1659 1203 1687 usus
1231 1651 1306 1700 est,
1333 1653 1385 1696 ut,
1401 1650 1592 1701 particula

212 1714 269 1752 τοί
306 1711 597 1764 pronominibus
632 1709 799 1749 addatur
835 1710 901 1762 (cf.
937 1712 1178 1762 Hartungius
1209 1713 1249 1751 II
1276 1726 1311 1764 p.
1346 1714 1423 1754 345
1457 1727 1513 1766 sq.
1552 1720 1592 1756 et

213 1777 390 1818 Klotzius
417 1775 469 1815 ad
495 1774 708 1815 Devarium
733 1787 770 1826 p.
797 1775 902 1827 737).
955 1776 1017 1816 Ita
1048 1776 1213 1828 legimus
1248 1778 1289 1818 in
1317 1791 1371 1819 or.
1397 1780 1442 1820 V.
1469 1783 1493 1831 ξ
1520 1782 1590 1822 96:

211 1845 332 1883 ταῦτα’
358 1855 415 1879 τοι
442 1840 581 1889 δέομαι
607 1838 717 1888 ὑμῶν
743 1852 825 1890 sqq.

318 1907 446 1957 Saepe
473 1917 631 1945 numero
660 1904 764 1955 apud
786 1917 917 1945 omnes
945 1905 1026 1945 fere
1053 1908 1259 1959 scriptores
1285 1922 1447 1960 graecos
1475 1914 1592 1963 parti-

212 1973 301 2014 cula
327 1972 384 2009 τοί
409 1971 449 2009 in
477 1970 678 2009 sententiis
702 1970 965 2010 communibus
987 1976 1204 2023 usurpatur.
1257 1973 1323 2014 Sic
1349 1975 1464 2015 etiam
1486 1979 1592 2029 apud

212 2037 490 2090 Antiphontem
511 2034 696 2085 legimus:
724 2034 772 2087 V,
799 2036 849 2075 95
885 2033 1027 2086 ῥᾷστον
1055 2035 1100 2074 δέ
1125 2038 1184 2075 τοί
1207 2037 1308 2076 ἐστιν
1334 2038 1479 2092 α’νδρὸς
1504 2045 1591 2094 περὶ

210 2102 394 2142 θανάτου
425 2101 630 2150 φεύγοντος
660 2102 705 2137 τὰ
743 2100 870 2151 ψευδῆ
907 2105 1255 2153 καταμαρτυρῆσαι.
1308 2105 1386 2154 (De
1412 2106 1486 2146 hac
1513 2109 1591 2148 D0-

208 2168 317 2210 breei
350 2165 572 2217 conjectura
598 2177 667 2216 pro
695 2165 869 2204 codicum
908 2165 1074 2206 lectione
1100 2165 1216 2219 α’ρατς
1241 2171 1317 2207 τῶν
1344 2169 1389 2208 δέ
1416 2184 1473 2209 τοι
1499 2172 1589 2213 vide

209 2234 375 2286 Sauppii
403 2244 462 2283 ep.
491 2243 542 2270 cr.
568 2243 605 2281 p.
633 2231 681 2268 27
712 2234 750 2269 et
777 2230 949 2270 eiusdem
975 2232 1054 2271 ind.
1081 2233 1198 2272 schol.
1224 2247 1261 2285 p.
1287 2235 1370 2286 12).

312 2296 498 2340 Similiter
523 2294 715 2346 particula
741 2295 797 2333 τοί
823 2301 1008 2349 usurpata
1034 2301 1093 2338 est
1119 2298 1159 2338 in
1187 2300 1211 2349 ξ
1240 2299 1315 2351 94;
1343 2300 1413 2341 scd
1436 2302 1589 2346 codices

207 2365 343 2407 codem
375 2361 491 2402 modo
522 2361 624 2400 inter
665 2373 707 2400 sc
748 2361 969 2412 discrepant
1005 2376 1052 2403 ac
1088 2366 1140 2412 Γγ
1167 2365 1192 2404 5
1220 2365 1287 2418 (cf.
1313 2379 1350 2417 p.
1376 2367 1463 2419 47),
1503 2382 1589 2410 cum

208 2431 278 2472 alii
304 2429 361 2467 τοί
387 2427 454 2466 alii
482 2428 517 2464 τί
554 2426 779 2475 praebeant.
839 2427 1021 2468 Reiskius
1061 2429 1101 2468 in
1142 2429 1251 2470 codd.
1286 2430 1436 2471 invenit
1472 2437 1589 2486 atquc

206 2494 352 2547 recepit
377 2493 428 2543 V,
467 2491 519 2532 94
554 2492 600 2531 οὔ
626 2506 660 2529 τι
687 2494 762 2530 τῶν
784 2492 1043 2543 ἐπειγομένων
1061 2494 1139 2534 ἐστὶ
1163 2498 1208 2533 τά
1235 2496 1458 2546 πράγματα,
1483 2494 1586 2539 α’λλᾰ

206 2562 281 2599 τῶν
306 2556 350 2596 εὖ
372 2555 664 2606 βουλευομένων
669 2572 684 2603 ‚-
711 2556 780 2595 sed
800 2556 1018 2598 adnotavit:
1048 2559 1201 2611 „malim
1216 2558 1300 2608 οὗχὶ
1325 2561 1388 2600 vel
1415 2563 1464 2601 οὔ
1489 2563 1582 2603 τοι.“

207 2624 457 2670 Recentiores
504 2625 632 2663 autem
679 2622 847 2665 editores
882 2624 1113 2667 invenerunt
1149 2626 1191 2667 in
1229 2626 1447 2682 codicibus,
1486 2629 1589 2682 quod
