1695 2931
810 138 861 179 28

128 237 257 289 genda
298 248 503 296 usurpatur
542 243 609 296 (cf.
647 257 685 295 p.
709 245 798 296 25):
844 245 889 295 V,
919 244 985 294 1ος
1024 245 1088 295 223
1117 245 1165 284 87
1194 248 1233 284 et
1259 244 1326 295 VI,
1352 244 1400 295 53
1437 245 1509 295 1ος

125 301 188 346 42.
251 310 349 348 Tum
373 310 415 349 in
442 323 497 349 or.
525 311 567 348 V.
594 322 744 360 semper
780 310 860 349 fere
888 310 1004 348 utitur
1032 310 1180 349 verbis:
1207 308 1350 347 τούτων
1386 307 1511 357 δ’ὗμτν

124 373 210 417 τοὺς
235 374 433 424 μάρτυρας
457 376 677 426 παρέξομαι
705 375 784 426 (vel
810 374 1017 426 similibus)
1046 374 1094 413 of.
1121 377 1145 423 ξ
1172 375 1235 425 20,
1267 375 1331 425 22,
1358 375 1421 425 24,
1449 375 1512 426 28,

125 440 188 489 30,
215 440 278 479 35.
342 441 430 481 Uno
470 452 562 479 vero
608 441 690 480 loco
732 440 877 479 recedit
912 442 962 480 ab
990 441 1062 480 hoc
1088 452 1160 480 usu
1186 442 1210 489 ξ
1238 439 1309 479 56;
1354 441 1418 476 καί
1443 453 1512 489 μοι

128 503 328 554 μα’ρτυρας
355 506 496 544 τούτων
523 505 644 543 κάλει.

229 570 290 608 Ex
317 582 371 609 or.
399 571 462 608 VI.
489 582 616 620 pauca
643 571 824 621 exempla
847 570 932 621 jam
958 571 1177 622 attulimus,
1205 571 1286 610 alia
1312 570 1509 610 invenies:

125 633 191 683 VI,
220 634 266 683 ’ῖς
296 634 366 684 16;
398 634 468 684 17ς
496 635 568 684 2ος
596 634 668 684 253
695 635 768 684 283
796 635 860 673 41.

230 698 432 748 Oppositio
461 697 653 748 quaedam
692 699 901 738 manifesta
936 703 995 738 est
1035 699 1075 737 in
1112 698 1171 738 his
1208 699 1290 738 fere
1317 699 1434 738 locis:
1462 699 1509 749 V,

124 761 175 801 28
204 764 269 799 καὶ
294 761 370 813 μήν
396 761 498 807 εἰκός
524 776 566 810 γε
592 761 639 813 ἧν
657 765 792 801 -νῦν
820 763 865 802 δέ
892 775 973 814 sqq.
1001 767 1040 802 et
1066 763 1202 803 eodem
1230 763 1343 804 modo
1365 764 1509 815 legitur

124 827 197 864 νῦν
224 824 269 864 δέ
294 826 343 867 47
374 828 489 880 (bis),
517 830 580 879 69,
609 830 660 868 93
699 829 765 880 (cf.
792 843 828 880 p.
856 830 935 880 26).
976 829 1022 880 V,
1057 830 1105 868 13
1132 828 1257 866 ἅπασι
1294 831 1368 881 γὰρ
1395 830 1506 867 τοῦτο

126 892 260 931 κοινόν
286 893 375 932 ἐστι.
403 894 451 932 συ’
478 893 522 932 δέ
551 893 635 942 ἰδίᾳ
662 893 777 945 ζητεῖς
802 907 885 945 sqq.
938 895 1146 934 Praeterea
1173 895 1220 934 σὺ
1241 893 1285 933 δέ
1313 895 1509 936 invenitur

127 971 180 998 or.
210 960 254 999 V.
284 960 345 1010 11,
375 961 435 1000 15.

229 1026 449 1066 Particulae
477 1025 522 1064 δέ
549 1027 624 1066 sibi
652 1027 853 1078 oppositae
880 1038 965 1066 esse
992 1026 1173 1065 videntur
1208 1025 1274 1077 (ef.
1300 1039 1337 1076 p.
1365 1025 1433 1076 26)
1460 1025 1508 1076 V,

128 1091 177 1129 10
204 1093 299 1140 φασὶ
327 1090 371 1128 δέ
397 1115 450 1121 —
476 1091 562 1141 ἐμοὶ
590 1092 634 1130 δέ
658 1104 740 1142 sqq.
767 1092 813 1142 V,
828 1093 878 1132 39
906 1091 958 1129 ἔτι
985 1091 1028 1129 δὲ
1055 1093 1121 1129 καὶ
1145 1090 1239 1129 τάδε
1266 1090 1442 1137 λέγουσιν
1458 1112 1505 1119 -

124 1155 199 1202 ἐγώ
227 1154 271 1193 δὲ
299 1158 397 1207 φημί
423 1168 527 1207 sqq.;
567 1157 613 1208 V,
641 1157 689 1197 57
735 1157 858 1204 λέγειν
894 1156 937 1194 δὲ
964 1156 1131 1206 τολμῶσι
1154 1178 1206 1184 -
1232 1156 1318 1205 ἐμοὶ
1345 1155 1391 1194 δέ
1426 1168 1510 1207 sqq.

231 1222 277 1259 In
291 1222 503 1273 anaphora,
518 1235 633 1273 quam
648 1228 800 1274 vocant,
823 1222 942 1273 priori
957 1223 1126 1262 membro
1141 1222 1332 1273 particula
1344 1223 1417 1271 μέν
1429 1234 1508 1261 non

125 1286 262 1325 addita
289 1291 348 1326 est
375 1287 434 1326 his
461 1288 577 1327 locis:
613 1289 660 1339 V,
687 1288 739 1328 54
767 1287 962 1338 διάφορον
987 1286 1034 1338 ἦν
1068 1288 1109 1325 τὸ
1150 1286 1431 1336 γραμματίδιον
1455 1310 1508 1316 -

125 1351 320 1402 διάφορος
346 1352 404 1390 δ’ὁ
433 1354 660 1403 ἅνθρωπος.
721 1355 766 1405 V,
794 1354 846 1393 65
881 1354 918 1391 εἴ
940 1367 995 1397 τις
1021 1376 1070 1381 -
1097 1352 1133 1390 εἰ
1160 1352 1206 1390 δέ
1230 1366 1285 1398 τις
1312 1365 1415 1404 sqq.3
1461 1353 1507 1405 V,

126 1417 177 1456 68
203 1416 237 1454 εἰ
264 1415 334 1455 οὖν
361 1441 413 1447 -
438 1418 473 1456 εἷ
500 1419 543 1456 δὲ
569 1421 623 1469 μή
649 1432 731 1470 sqq.

231 1480 277 1520 In
303 1494 356 1521 or.
372 1483 437 1521 VI.
454 1483 716 1524 eodemmodo
743 1484 802 1524 vis
830 1484 1078 1524 adversativa
1090 1484 1132 1523 in
1146 1487 1280 1534 aperto
1297 1487 1373 1522 est:
1401 1483 1506 1533 VI,8

124 1543 293 1595 ἡγοῦμαι
309 1550 386 1599 γάρ
406 1562 473 1597 μοι
482 1549 740 1600 τιμήν-τοϊς
754 1549 798 1587 δὲ
811 1551 1034 1599 κατηγόροις
1054 1547 1237 1597 αἰσχύνην
1250 1560 1352 1598 sqq.3
1379 1548 1444 1599 VI,
1456 1548 1507 1587 29

125 1612 191 1648 καὶ
217 1611 253 1649 εἶ
276 1614 349 1661 μὲν
367 1612 474 1652 ποίνυ
501 1615 553 1666 μή
571 1616 825 1665 παρεγένοντο
838 1616 1039 1663 μάρτυρες,
1067 1613 1142 1659 ἐγώ
1158 1612 1201 1649 δὲ
1215 1611 1463 1662 παρειχόμην,
1483 1613 1509 1662 ἢ

123 1676 208 1726 τοὺς
220 1682 560 1731 παραγενομένους
586 1682 637 1731 μὴ
658 1680 908 1730 παρειχόμην,
937 1677 1083 1727 ἑτέρους
1099 1676 1144 1714 δέ
1159 1690 1275 1723 τινας,
1290 1675 1444 1721 εἰκότως
1458 1677 1508 1715 ἄν

124 1758 208 1797 sqq.
237 1747 378 1787 Omnia
387 1747 486 1786 haec
497 1744 694 1797 adieripsi,
709 1758 783 1796 quo
792 1745 946 1784 facilius
956 1743 1124 1793 intelligi
1138 1743 1271 1793 possit,
1288 1754 1415 1782 errare
1428 1754 1506 1793 eos,

125 1812 191 1862 qui
205 1816 427 1852 accuratam
445 1811 551 1863 apud
570 1811 844 1863 Antiphontem
864 1809 1122 1849 membrorum
1139 1807 1428 1859 responsionem
1442 1820 1505 1847 ex-

124 1881 290 1929 pectent.
342 1879 443 1918 Nam
460 1890 545 1917 cum
559 1877 698 1928 prioris
712 1877 834 1927 partis
847 1876 1018 1915 membra
1030 1874 1232 1925 particulis
1245 1874 1363 1922 μέν-
1371 1873 1416 1911 δέ
1431 1874 1508 1913 sibi

126 1943 329 1995 oppositae
349 1944 438 1994 sint,
465 1943 506 1982 in
525 1942 736 1994 posteriore
751 1945 862 1993 parte
878 1940 982 1991 prius
996 1939 1207 1979 membrum
1220 1938 1303 1978 sine
1316 1939 1508 1989 particula

124 2010 198 2058 μέν
223 2009 391 2059 positum
419 2012 488 2047 est.
541 2007 689 2046 Eadem
715 2007 918 2046 verborum
944 2004 1227 2044 inconcinnitas
1245 2004 1440 2044 invenitur
1465 2005 1507 2044 in

124 2074 303 2126 proxima
330 2074 605 2125 paragrapho:
634 2074 701 2124 VI,
728 2074 781 2112 30
807 2072 908 2109 ὅπου
935 2073 1007 2120 μὲν
1033 2071 1108 2119 γὰρ
1135 2069 1238 2121 λόγῳ
1261 2084 1315 2115 τις
1327 2069 1506 2132 διδάοκοι

124 2141 212 2187 περὶ
238 2141 315 2176 τῶν
342 2139 600 2187 πραχθέντων
626 2137 823 2186 μα’ρτυρας
862 2135 906 2172 δὲ
941 2137 991 2184 μὴ
1033 2135 1257 2182 παρέχοιτο,
1300 2137 1507 2184 μαρτύρων

124 2204 176 2241 ἄν
202 2218 256 2248 τις
283 2204 370 2248 τούς
397 2202 535 2249 λόγους
561 2202 714 2245 τούτους
738 2200 880 2244 ἐνδεεῖς
907 2201 1005 2250 φαίη
1031 2199 1149 2237 εἶναι·
1188 2198 1287 2238 ὅπου
1326 2200 1369 2237 δὲ
1402 2199 1508 2252 μα’ρ-

124 2280 240 2318 τυρας
282 2270 355 2315 μὲν
390 2269 616 2317 παρέχοιτο,
654 2265 837 2315 τεκμήρια
872 2264 915 2301 δὲ
939 2263 986 2301 αὖ
1012 2276 1095 2314 sqq.
1152 2264 1289 2314 Itaque
1325 2276 1411 2304 cum
1445 2265 1506 2305 bis

124 2333 341 2386 particulae
366 2332 538 2382 μέν-δέ
564 2332 638 2372 sibi
666 2330 868 2382 oppositae
909 2329 1006 2380 sint,
1045 2329 1163 2368 semel
1198 2330 1282 2368 sola
1316 2330 1508 2381 particula

125 2398 171 2436 δέ
197 2399 388 2450 oppositio
414 2398 619 2437 indicatur.

232 2464 341 2502 Haec
368 2463 548 2513 exempla
574 2460 787 2508 sufficiunt,
826 2462 919 2510 puto
947 2458 999 2497 ad
1036 2458 1109 2498 has
1145 2459 1381 2509 conjecturas
1419 2459 1508 2510 reji-

128 2528 306 2568 ciendas:
334 2528 423 2567 V17
454 2527 575 2568 Oodd.
602 2527 790 2578 praebent
806 2522 1125 2573 οὗτοιγοὶρ-ἐγώ
1140 2523 1201 2571 δέ,·
1228 2524 1402 2565 Blassius
1420 2536 1508 2564 con-

119 2592 218 2645 jecit
245 2589 348 2632 οὗτοι
374 2595 446 2643 μὲν
471 2592 560 2644 γάρ.
612 2593 671 2634 Ne
698 2591 739 2631 id
767 2589 922 2642 quidem
948 2589 1093 2630 Blassii
1125 2588 1383 2641 conjecturam
1408 2601 1507 2630 com·

126 2657 306 2710 mendat,
349 2658 452 2710 quod
491 2659 720 2714 saepissime
758 2656 865 2710 apud
888 2655 1168 2708 Antiphontem
1194 2656 1410 2707 particulae
1435 2656 1508 2706 μὲν
