1695 2931
809 114 861 155 36

251 217 463 258 Praeterea
488 218 732 258 Maetznerus
770 218 845 259 huc
882 219 1081 270 pertinere
1122 219 1216 260 dicit
1254 220 1295 271 (1.
1320 233 1350 260 c.
1376 233 1414 272 p.
1443 220 1537 272 153)

148 282 214 328 Λβ
239 282 286 320 5:
324 282 368 319 u)
395 284 468 331 μὲν
493 283 568 332 γὰρ
607 282 658 331 μὴ
694 281 913 331 ἓκδυθῆναι
953 281 1070 320 οὐδὲν
1097 283 1253 333 σημεῖόν
1278 283 1391 323 ἐστιν.
1460 284 1539 324 Sed

146 344 207 386 his
236 347 366 388 verbis
392 347 535 400 optime
565 347 751 400 ,opposita
777 352 865 388 sunt
906 348 948 388 in
974 351 999 398 ξ
1027 349 1051 387 6
1080 349 1218 390 verba:
1257 349 1292 388 st
1318 348 1363 388 δὲ
1390 351 1456 387 καὶ
1479 348 1535 402 μὴ

146 411 233 463 (pro
266 412 377 452 codd.
405 413 571 453 lectione
597 413 650 463 μὴ
677 415 743 450 καί
770 413 935 464 conjecit
947 414 1147 465 Reiskius)
1175 414 1240 452 ἐπὶ
1266 420 1345 459 τοῖς
1371 412 1536 462 ἱματίοις

147 474 349 528 διεφθάρη
375 489 458 529 sqq.

251 543 392 585 Omnia
418 556 512 584 vero
537 543 608 584 illa
634 544 812 596 exempla
839 544 896 585 ita
923 548 1014 585 sunt
1040 548 1286 596 comparata,
1313 548 1355 585 ut
1382 545 1535 598 opposi-

145 608 201 647 tio
228 607 421 658 quaedam
451 620 529 648 non
557 607 813 648 desideratur.
875 609 925 648 Et
951 608 1087 648 eodem
1114 607 1228 649 modo
1256 620 1320 649 res
1347 620 1390 649 se
1417 608 1537 649 habet

145 672 187 712 in
214 672 403 713 orationis
430 672 490 713 V..
503 676 543 713 et
569 685 624 713 or.
640 673 705 712 VI.
732 674 946 725 exemplis:
974 673 1020 725 V,
1051 675 1088 725 9,
1115 674 1178 714 36.
1220 674 1443 714 Formulam
1469 676 1536 712 καὶ

144 739 219 786 μὲν
245 737 294 787 δή
305 767 314 785 ,
343 750 445 788 quae
471 738 615 788 legitur
641 738 687 787 V,
715 738 763 777 51
794 744 833 777 et
863 739 913 777 63
942 738 1230 777 Baeumleinius
1258 739 1358 778 bene
1384 739 1442 778 ita
1470 750 1535 777 ex-

145 803 266 855 plicat
301 803 355 855 (p.
384 803 502 855 163):
548 803 644 856 „das
683 803 956 843 versichernde
991 804 1066 852 μέν
1104 803 1307 844 verbindet
1347 804 1430 844 sich
1466 803 1537 843 mit

144 868 214 907 der
230 868 399 918 partikel
427 868 495 906 der
522 867 741 918 objectiven
770 867 1030 917 gewissheit“.
1067 869 1231 907 Restant
1256 869 1376 907 verba
1389 867 1456 918 VI,
1485 869 1535 906 14

145 934 389 983 καθειστήκει
421 933 494 982 μὲν
522 930 542 982 ἧ
571 934 731 983 χορηγία
769 931 879 972 οὕτω.
916 934 982 970 καὶ
1019 932 1161 970 τούτων
1196 933 1235 970 εἴ
1263 946 1297 970 τι
1333 932 1535 985 ψεύδομαι

122 997 381 1047 ’προφάσεως
416 998 530 1034 ἕνεκα
565 996 684 1041 ἔξεστι
719 1000 770 1046 τῷ
814 996 1010 1047 κατηγόρῳ
1054 996 1292 1043 ἕξελέγξαντι
1332 997 1405 1048 (sic
1447 1008 1534 1035 oum

144 1062 298 1102 Blaesio
323 1061 430 1113 lego)
457 1061 501 1099 ἐν
527 1063 578 1112 τῷ·
606 1059 751 1112 ὑστέρῳ
778 1059 881 1112 λόγῳ
909 1059 967 1099 ὅτι
996 1062 1049 1097 ἄν
1073 1060 1256 1111 βούληται
1284 1060 1420 1099 εἰπεῖν.
1449 1060 1535 1099 ἐπεί

144 1140 202 1166 τοι
242 1126 362 1172 οὕτως
388 1125 484 1175 ἔχει,
527 1124 559 1164 ὦ
600 1125 750 1177 ἄνδρες.
816 1126 1018 1166 Sententia
1053 1127 1258 1166 verborum
1291 1125 1534 1178 καθειστήκει

143 1195 217 1242 μὲν
242 1192 264 1243 ἢ
291 1193 451 1243 χορηγία
479 1191 577 1231 οὕτω
605 1192 791 1243 repetitur
817 1192 947 1231 verbis
974 1191 1060 1242 ἕπει
1085 1204 1141 1229 τοι
1169 1192 1289 1235 οὕτως
1314 1192 1402 1240 ἔχει,
1430 1192 1533 1233 unde

143 1260 318 1308 apparet,
345 1256 461 1296 etiam
474 1255 548 1297 hoc
565 1256 650 1296 loco
665 1255 896 1307 particulam
913 1256 986 1304 μέν
999 1255 1143 1296 habere
1156 1256 1233 1296 vim
1248 1256 1534 1298 affirmativam.

250 1321 297 1360 In
324 1321 453 1361 verbis
479 1321 542 1360 Aa
568 1321 590 1359 7
632 1319 767 1371 ἤλπιζέ
805 1334 843 1357 τε
881 1320 978 1358 τάδε
1016 1322 1089 1369 μὲν
1124 1320 1275 1371 δροῖσας
1313 1324 1379 1359 καὶ
1403 1321 1533 1372 λήσειν

145 1388 212 1424 καὶ
237 1398 319 1437 sqq.
345 1386 425 1425 iam
451 1397 570 1437 supra
598 1386 663 1436 (cf.
685 1399 722 1436 p.
738 1385 804 1437 10)
832 1385 999 1435 offendi3
1024 1398 1116 1425 nam
1142 1386 1333 1437 particula
1358 1388 1432 1435 μέν
1459 1387 1532 1427 hoc

145 1452 232 1492 loco
260 1451 360 1491 bene
388 1450 575 1502 explicari
601 1462 679 1490 non
721 1454 857 1501 potest.
923 1450 1135 1490 Maetzneri
1168 1451 1271 1491 enim
1310 1451 1532 1502 explicatio,

146 1517 213 1568 qui
253 1519 365 1569 putat
400 1515 630 1567 Antiphonti
667 1516 914 1555 observatam
949 1527 1034 1556 esse
1062 1516 1164 1555 hauc
1191 1516 1445 1556 sententiam:
1475 1517 1532 1570 „el

146 1583 191 1622 δὲ
215 1584 290 1633 μὴ,
328 1583 394 1619 καὶ
429 1579 658 1618 ἁλώσεσθαι
684 1583 751 1618 καὶ
777 1578 1013 1631 ἀτιμώρητος
1033 1580 1410 1631 διοεςρθοιρήσεσθαιιι
1440 1581 1532 1622 ferri

146 1660 225 1689 non
253 1650 403 1699 potest,
439 1646 531 1697 quia
569 1645 759 1686 eiusmodi
786 1645 1009 1697 explicandi
1036 1646 1135 1687 ratio
1163 1649 1298 1686 contra
1324 1646 1450 1697 ipsam
1476 1651 1531 1688 te-

144 1712 400 1763 tralogiarum
427 1715 608 1751 naturam
634 1715 805 1762 pugnat,
841 1710 943 1761 quod
970 1711 1048 1750 iam
1077 1711 1155 1751 alio
1180 1712 1265 1752 loco
1293 1715 1427 1751 contra
1453 1712 1530 1753 cla-

141 1777 337 1818 rissimum
363 1776 467 1816 hunc
494 1776 618 1815 virum
645 1776 777 1815 monui
804 1775 870 1827 (cs.
899 1789 936 1827 p.
959 1776 1036 1828 11).
1090 1777 1189 1816 Tum
1218 1776 1334 1816 etiam
1358 1778 1432 1825 μέν
1458 1790 1529 1828 pro

142 1842 222 1894 μήν
247 1842 374 1893 accipi
401 1841 543 1891 nequit.
595 1840 795 1880 Accedunt
822 1840 988 1891 denique
1015 1852 1087 1892 ea,
1128 1853 1228 1892 quae
1254 1854 1291 1893 p.
1320 1842 1371 1880 10
1396 1853 1453 1892 sq.
1480 1842 1529 1882 de

142 1911 223 1949 toto
251 1906 436 1947 hocloco
464 1905 642 1946 diximus.
705 1905 834 1953 Quare
874 1906 1013 1946 iterum
1054 1918 1228 1957 propono
1268 1905 1529 1957 conjecturam

142 1971 277 2023 ἤλπιζέ
303 1985 341 2009 τε
366 1972 441 2020 γάρ
468 1969 562 2008 τάδε
590 1969 755 2020 δράσας.

249 2035 363 2077 Addo
390 2034 555 2086 denique
580 2047 708 2087 pauca
735 2034 784 2075 de
811 2035 1064 2076 collocatione
1088 2035 1304 2087 particulae
1316 2037 1400 2088 μέν,
1427 2047 1528 2088 quae

141 2102 279 2154 paucis
305 2101 402 2141 locis
428 2113 505 2140 non
535 2113 648 2140 suum
675 2104 780 2140 tenet
805 2101 942 2140 locum.
997 2100 1044 2151 V,
1058 2101 1109 2139 28
1131 2100 1175 2138 ἐν
1195 2098 1313 2152 μὲνῷ
1326 2100 1392 2152 (cf.
1410 2105 1527 2140 antea

142 2168 232 2219 §22
244 2166 288 2205 ἐν
307 2163 453 2219 (ᾖμεν).
481 2165 525 2217 v,
540 2165 591 2205 32
609 2164 644 2203 εῑ
664 2164 737 2213 ἐγώ
751 2166 825 2215 μέν
841 2185 894 2195 —
920 2166 992 2204 νῦν
1019 2163 1065 2202 δέ
1092 2164 1152 2217 (cf
1173 2167 1198 2215 ξ
1222 2166 1273 2205 38
1299 2165 1335 2204 ει
1359 2167 1432 2215 μὲν
1450 2156 1528 2214 3705

141 2254 196 2263 —-
221 2234 295 2271 νῦν
314 2231 390 2283 δέ).
443 2232 489 2282 V,
515 2232 568 2270 42
604 2231 647 2269 ἐν
664 2233 709 2284 τῇ
728 2232 778 2285 γῇ
794 2232 880 2281 μέν.

246 2297 407 2338 Duobus
445 2295 540 2337 locis
580 2295 733 2337 codices
774 2296 875 2336 inter
900 2308 943 2336 se
970 2295 1217 2348 discrepant:
1260 2297 1306 2348 V,
1333 2297 1385 2337 29
1418 2297 1465 2337 In
1490 2296 1527 2337 N

139 2363 325 2415 seriptum
350 2365 429 2402 est:
457 2361 592 2412 ἐπειδὴ
621 2360 665 2400 δὲ
692 2359 766 2409 ἐγώ
793 2363 868 2411 μὲν
885 2360 1059 2412 φροῦδος
1086 2359 1133 2412 ἦν
1143 2378 1158 2409 ,·
1185 2362 1227 2401 in
1244 2361 1383 2402 ceteris
1397 2365 1526 2402 autem

141 2427 360 2468 codicibusz
386 2426 520 2477 ἐπειδὴ
549 2426 592 2464 δὲ
619 2426 694 2473 ἐγώ
724 2425 896 2477 φροῦδος
921 2428 994 2476 μὲν
1013 2424 1076 2476 ἦν.
1128 2427 1178 2466 Et
1193 2426 1260 2478 VI,
1287 2426 1339 2467 25
1365 2426 1528 2478 praebet

139 2492 192 2532 N:
227 2491 329 2530 ὅπου
364 2490 441 2529 εἶεν
466 2493 539 2540 μὲν
564 2489 770 2542 ἐλεύθεροι
798 2489 937 2529 πολλοὶ
963 2489 1002 2528 οὶ
1029 2490 1253 2537 συνειδότες,
1280 2490 1357 2529 εἷεν
1380 2489 1427 2529 δέ
1444 2501 1526 2541 sqq.

139 2557 258 2598 ceteri
285 2556 456 2598 codices:
483 2555 584 2595 ὅπου
611 2555 688 2594 εἶεν
713 2555 920 2608 ἐλεύθεροι
943 2556 1018 2606 μέν
1043 2568 1126 2608 sqq.
