1695 2931
793 110 845 149 49

120 212 304 256 Reiskius
330 216 434 254 recte
460 213 677 265 conjecerat
710 213 759 251 οὔ
797 227 874 263 τοι,
917 226 994 265 qua
1035 213 1083 253 de
1117 212 1281 254 lectione
1325 212 1495 253 dubitari

120 291 197 320 non
252 281 362 318 otest.

221 291 400 396 genique
434 343 511 384 huc
537 344 757 396 pertineret,
783 344 816 384 si
844 343 1013 384 codicem
1040 345 1076 384 N
1102 357 1357 397 sequeremur,
1386 343 1493 384 locus

120 412 167 463 V,
202 411 253 450 72
301 411 402 460 μέγα
449 422 506 447 τοι
541 409 667 460 ἡμέρα
702 410 793 457 παρ’
829 408 978 460 ἡμέραν
1012 412 1212 460 γιγνομένη
1247 404 1423 460 γνώμην,
1463 424 1494 447 ω

118 476 280 527 ἄνδρες,
318 475 362 522 ἐξ
397 474 513 527 ὀργῆς
548 475 774 525 μεταστῆσαι
812 474 893 526 Sqq.
958 474 1085 515 Ceteri
1119 474 1271 516 codices
1308 476 1498 527 praebent

117 553 188 594 pro
213 543 271 579 ωί
296 542 358 591 τέ,
384 540 487 591 quod
513 541 603 579 ferri
631 553 706 579 non
734 544 872 591 potest,
898 552 975 578 uno
1002 540 1133 578 codice
1159 541 1194 578 A
1221 544 1404 591 excepto,
1431 541 1497 590 qui

116 606 235 647 habet
261 607 315 652 τί,
357 605 460 656 quod
485 618 562 645 non
600 606 725 645 minus
761 605 861 645 bene
898 604 1038 644 dicitur
1063 617 1176 654 quam
1203 605 1277 653 τοί,
1318 605 1496 655 quodque

116 670 334 721 Bekkerus,
361 670 578 720 Dobsonus,
605 671 836 710 Turicenses
864 672 1098 720 receperunt.

219 736 381 775 Restant
418 735 537 774 verba
572 735 618 786 V,
653 735 700 776 91
743 734 779 772 εἰ
812 736 878 771 καὶ
914 735 1023 772 πάνυ
1050 746 1106 771 τοι
1133 732 1206 784 (sic
1232 733 1413 785 scriptum
1437 736 1496 773 est

115 800 155 839 in
183 798 432 850 ABNZM);
458 800 526 839 sed
553 800 727 850 vulgata,
754 812 868 849 quam
887 810 1032 849 omnes,
1059 811 1134 837 uno
1151 801 1312 849 excepto
1327 797 1492 849 Blassio,

116 864 182 916 qui
208 863 360 904 illorum
388 863 561 905 codicum
588 864 791 904 lectionem
821 863 986 916 recepit,
1013 863 1134 903 secuti
1162 865 1260 910 sunt,
1287 862 1424 902 habet:
1459 862 1495 899 εἰ

113 930 179 965 καὶ
205 927 313 966 πάνυ
340 943 384 966 τι.
440 930 626 968 Neutrum
654 942 746 969 vero
773 933 916 968 rectum
947 940 1032 968 esse
1047 929 1189 979 optime
1215 927 1494 967 demonstravit

115 993 328 1047 Sauppim,
355 1006 442 1033 cum
469 1006 593 1044 neque
620 994 725 1032 πάνυ
752 1008 785 1031 τι
813 1005 937 1044 neque
965 993 1068 1032 πάνυ
1095 1005 1151 1030 τοι
1179 992 1253 1032 nisi
1281 991 1491 1043 negatione

112 1057 249 1098 addita
285 1071 453 1109 unquam
489 1059 632 1098 dictum
665 1062 777 1099 esset.
830 1059 967 1109 Itaque
1002 1059 1103 1098 bene
1136 1057 1320 1098 restituit:
1356 1057 1392 1094 st
1417 1058 1486 1094 καὶ

110 1122 162 1172 μὴ
188 1122 294 1160 πάνυ
319 1137 353 1161 τι
380 1122 445 1174 (cf.
471 1123 633 1175 Sauppii
658 1123 737 1163 ind.
763 1122 882 1163 schol.
907 1137 945 1175 p.
977 1124 1052 1175 11).

215 1187 305 1227 Una
332 1199 385 1227 or.
398 1187 464 1227 VI.
486 1187 717 1239 particulam
743 1188 800 1225 τοί
827 1187 926 1227 bene
940 1186 1121 1227 servavit.
1172 1186 1355 1248 Legisz
1383 1187 1486 1227 enim

115 1250 264 1291 duobus
291 1252 386 1291 locis
415 1253 627 1303 particulas
662 1252 746 1290 ἐπεὶ
770 1265 825 1290 τοι
859 1253 1099 1304 conjunctas:
1137 1252 1203 1302 VI,
1231 1253 1255 1291 9
1309 1251 1394 1289 ἐπεί
1431 1253 1489 1291 vot

106 1305 151 1362 ’γε
177 1317 242 1354 καὶ
268 1315 399 1354 δεινόν
428 1328 509 1367 sqq.
562 1317 613 1357 Et
637 1317 703 1364 VI,
734 1317 784 1356 14
810 1316 896 1354 ἐπεί
920 1329 977 1355 τοι
1002 1316 1120 1360 οὕτως
1145 1315 1232 1363 ἔχει.
1286 1316 1330 1355 In
1358 1316 1486 1368 priore

109 1382 287 1434 exemplo
322 1382 595 1434 particularum
627 1383 712 1421 ἐπεί
745 1384 802 1420 τοί
836 1396 878 1428 γε
904 1383 970 1419 καί
1005 1382 1223 1433 conjunctio
1259 1382 1354 1421 satis
1387 1382 1487 1421 mira

107 1450 178 1486 est.
237 1447 336 1486 Nam
363 1448 556 1487 Por-sonus
592 1447 660 1498 (ad
686 1448 776 1486 Eur.
804 1446 903 1486 Med.
941 1446 1035 1498 675)
1076 1450 1215 1497 negat,
1253 1446 1393 1486 Atticis
1428 1446 1484 1486 sic

113 1511 326 1563 particulas
371 1513 428 1549 τοί
460 1526 502 1558 γε
541 1511 776 1563 conjungere
830 1510 1003 1557 licuisse,
1048 1514 1086 1549 et
1121 1509 1320 1562 Euripidis
1358 1510 1485 1550 locum

107 1575 233 1628 suppl.
262 1577 358 1627 878,
395 1576 460 1616 ubi
488 1577 605 1627 vulgo
631 1577 773 1627 legitur
800 1576 883 1613 ἐπεί
908 1577 965 1613 τοί
989 1577 1022 1622 γ’
1049 1574 1164 1615 οὐδέν
1190 1588 1272 1627 sqq.
1300 1588 1347 1615 ex
1375 1576 1485 1615 libris

104 1641 324 1681 emendavit
359 1641 444 1680 ἐπεί
477 1655 533 1680 τοι
570 1641 721 1680 κοῦδέν.
787 1642 871 1689 Quo
911 1654 995 1681 cum
1034 1642 1117 1681 viro
1146 1641 1366 1681 doctissimo
1394 1654 1482 1681 con-

102 1707 220 1746 sentit
246 1707 523 1747 Stallbaumius
560 1708 628 1759 (ad
655 1708 754 1746 Plat.
781 1708 898 1758 Hipp.
923 1707 1015 1758 maj.
1042 1707 1136 1757 288)
1172 1710 1211 1746 et
1237 1707 1482 1747 Hel-mannus

102 1770 172 1824 (ad
196 1771 383 1822 Vigerum
410 1785 447 1824 p.
477 1772 591 1824 784),
623 1772 815 1812 adnotans
851 1771 904 1811 ad
939 1784 1024 1812 eum
1052 1772 1320 1813 Demosthenis
1346 1773 1481 1822 locum,

104 1849 217 1887 quem
246 1837 415 1876 Zeunius
452 1837 520 1888 (ad
547 1838 731 1888 Vigerum
768 1852 804 1889 p.
841 1838 934 1886 403)
972 1838 1023 1877 ad
1063 1838 1164 1877 hanc
1203 1838 1479 1889 particularum

104 1901 410 1953 conjunctionem
435 1903 736 1942 confirmandam
756 1903 895 1954 attulit,
922 1903 1096 1942 omittere
1115 1903 1301 1953 quosdam
1327 1903 1479 1943 codices

101 1966 331 2018 particulam
364 1967 417 2014 γέ.
469 1967 519 2006 Et
545 1967 740 2018 Sauppius
768 1968 870 2007 hunc
904 1968 1028 2019 ipsum
1057 1967 1326 2008 Demosthenis
1353 1968 1478 2008 locum

103 2029 289 2084 (Philipp.
315 2031 346 2071 Ι.
373 2032 397 2082 ξ
423 2031 465 2083 2)
492 2031 552 2071 his
588 2032 718 2072 verbis
754 2033 934 2072 tractavit
960 2032 1026 2085 (cf.
1054 2033 1137 2073 eius
1163 2045 1222 2085 ep.
1249 2045 1300 2072 cr.
1325 2045 1362 2085 p.
1387 2033 1476 2085 47):

101 2097 222 2149 „Cum
261 2097 379 2146 vulgo
420 2097 575 2146 legatur
613 2097 699 2135 ἐπεί
733 2100 791 2135 wi
824 2113 866 2145 γε
891 2099 928 2135 εἰ
960 2099 1000 2137 in
1036 2101 1104 2136 ΣΓ
1134 2103 1173 2138 et
1209 2100 1391 2138 bavarico
1419 2104 1478 2138 est

98 2160 182 2200 ἐπεὶ
217 2164 254 2199 εἴ
288 2174 362 2202 voa.
417 2161 496 2201 Sed
523 2162 743 2201 Bekkerum
785 2162 949 2202 feliciter
985 2163 1196 2215 conjecisse
1231 2163 1314 2200 ἐπεί
1352 2175 1407 2200 τοι
1441 2163 1477 2200 εἰ

100 2225 345 2265 scribendum
372 2237 469 2275 esse,
497 2229 660 2265 testatur
685 2228 710 2265 9
737 2229 761 2275 ξ
788 2227 825 2277 5,
853 2227 918 2266 ubi
934 2228 1212 2267 Demosthenes
1229 2227 1365 2267 iisdem
1392 2227 1473 2267 fere

97 2290 227 2331 verbis
247 2302 340 2331 usus
367 2289 458 2330 est.“
514 2290 699 2331 Videmus
722 2291 842 2343 igitur
858 2292 1014 2345 saepius
1033 2292 1259 2345 particulam
1275 2293 1319 2339 γέ
1345 2304 1474 2333 errore

97 2359 186 2406 post
210 2355 440 2407 particulam
468 2358 525 2393 τοί
551 2357 735 2396 insertam
760 2358 937 2397 inveniri.

200 2419 311 2467 Quae
338 2431 423 2460 cum
449 2420 504 2460 ita
533 2421 622 2473 sint,
647 2425 742 2474 puto
762 2423 878 2462 etiam
907 2423 1082 2463 hocloco
1108 2423 1357 2474 antiphonteo
1383 2436 1471 2475 par-

105 2484 262 2525 ticulam
290 2486 334 2532 γέ
359 2489 447 2537 post
472 2488 529 2524 τοί
556 2498 642 2527 esse
668 2487 882 2528 delendam.

205 2613 404 2656 Particula
431 2616 553 2655 natvm
579 2616 619 2657 in
647 2618 863 2671 tetralogiis
889 2631 1101 2671 nunquam,
1129 2618 1169 2660 in
1196 2631 1251 2675 or.
1275 2618 1306 2661 1.
1332 2623 1408 2675 ter,
1435 2619 1476 2661 in

1150 2685 1177 2723 4
