1695 2931
860 96 886 135 6

748 292 912 356 caput
942 293 984 344 Ι.

654 410 729 456 De
760 410 1018 471 particula
1049 417 1100 455 τέ

290 534 510 576 Particulae
534 537 573 573 τέ
601 536 707 588 apud
721 537 867 577 Gracos
883 549 995 577 usum
1022 549 1100 577 non
1126 537 1302 577 omnibus
1328 535 1566 588 temporibus

187 601 226 637 et
251 598 356 650 apud
383 613 515 641 omnes
542 601 747 653 scriptores
775 602 940 642 eundem
967 602 1088 642 fuisse
1115 602 1212 642 satis
1238 605 1400 642 constat.
1454 600 1569 641 Vide-

185 675 272 703 mus
287 665 390 704 enim
417 669 615 716 tamquam
642 667 772 718 oculis,
800 667 990 718 quomodo
1018 667 1101 707 eius
1117 667 1333 720 particulae
1359 666 1572 719 provincia,

186 733 230 769 ut
253 730 310 770 ita
337 730 482 783 dicam,
509 733 788 773 comminuatur
815 737 933 784 atque
954 736 1185 774 attenuetur.
1235 733 1337 773 Nam
1353 744 1439 772 cum
1462 732 1570 783 apud

186 795 395 835 Homerum
437 800 475 835 et
508 797 798 847 antiquissimos
837 802 973 849 poetas
1017 798 1209 850 particula
1259 797 1404 849 duplici
1455 797 1570 837 modo

187 864 374 911 usurpata
399 861 633 913 inveniatur,
659 866 776 913 atque
806 863 863 903 ita
890 863 1056 914 quidem,
1080 867 1123 903 ut
1149 867 1217 903 aut
1230 863 1319 902 aliis
1339 862 1572 913 quibusdam

188 924 348 964 vocibus
374 924 611 976 adjungatur
637 930 706 966 aut
729 927 791 967 bis
817 927 881 967 vel
910 927 1030 967 semel
1056 927 1185 978 posita
1211 927 1290 966 vim
1309 927 1572 978 copulativam

188 988 355 1041 habeat,
402 991 509 1043 apud
555 992 809 1043 posteriorum
845 996 1059 1045 temporum
1094 993 1301 1045 scriptores
1336 992 1443 1044 prius
1476 992 1574 1033 illud

190 1066 314 1106 genus
342 1059 422 1095 tam
448 1056 566 1107 plane
593 1058 814 1109 evanescit,
841 1062 884 1097 ut
909 1070 1033 1109 parva
1059 1062 1211 1098 tantum
1237 1058 1350 1098 ruina
1376 1062 1573 1108 tamquam

188 1119 339 1162 latioris
366 1132 458 1162 usus
483 1125 771 1163 monumentum
807 1122 942 1164 relicta
978 1123 1047 1172 sit,
1083 1123 1274 1176 posterius
1301 1126 1430 1164 autem
1457 1121 1573 1164 valde

190 1187 465 1227 comminutum
492 1191 550 1227 est
578 1200 640 1239 eo,
668 1188 772 1239 quod
799 1189 1075 1240 particularum
1101 1190 1233 1227 τέ-τέ
1257 1190 1383 1229 locum
1409 1189 1574 1241 plerum-

191 1264 265 1304 que
291 1252 506 1304 particulae
533 1254 692 1292 τέ-καί
717 1254 946 1307 conjunctae
976 1255 1151 1295 obtinent
1177 1258 1217 1294 et
1242 1254 1433 1307 particula
1458 1256 1498 1293 τέ
1517 1266 1576 1296 se·

191 1319 268 1359 mel
294 1319 422 1370 posita
453 1332 541 1359 raro
576 1324 726 1360 tantum
762 1321 966 1361 invenitur.
1028 1321 1147 1361 Cuius
1183 1321 1407 1361 mutationis
1442 1321 1575 1371 aliqua

191 1396 284 1436 pars
318 1385 360 1423 in
396 1384 516 1424 variis
556 1385 797 1426 orationibus
824 1385 1088 1437 antiphonteis
1114 1385 1226 1425 nobis
1252 1389 1436 1437 apparet,
1472 1385 1575 1436 quod

193 1450 340 1501 primus
358 1450 601 1501 Spengelius‚
629 1451 695 1501 qui
709 1451 758 1491 de
774 1451 1015 1491 orationibus
1034 1451 1299 1502 antiphonteis
1325 1450 1577 1490 emendandis

194 1515 337 1566 optime
365 1516 522 1555 meritus
550 1520 619 1562 est,
647 1515 745 1555 vidit
772 1520 888 1567 atque
916 1516 1015 1556 dixit
1042 1517 1084 1555 in
1101 1516 1265 1568 septimo
1284 1515 1431 1556 decimo
1451 1515 1575 1556 musei
1603 1550 1606 1553 Α

192 1581 357 1622 rhenani
384 1581 577 1622 volumine
604 1594 640 1633 p.
670 1582 755 1621 167.
816 1581 893 1622 Sed
921 1594 1046 1633 pauca
1071 1581 1140 1621 illa
1166 1582 1287 1622 verba
1313 1594 1469 1633 prorsus
1498 1594 1575 1622 non

193 1646 390 1686 sufficiunt
423 1646 476 1685 ad
512 1658 593 1686 rem
621 1650 801 1686 accurate
827 1646 1154 1698 cognosceodam,
1193 1647 1324 1697 itaque
1351 1658 1453 1686 nova
1492 1647 1575 1686 eius

194 1712 252 1751 rei
279 1712 549 1751 commentatio
578 1711 682 1751 haud
707 1723 999 1763 supervacanea
1026 1712 1088 1751 sit.

298 1778 496 1817 Particula
520 1779 560 1815 τέ
585 1778 626 1816 in
653 1790 701 1817 ea
718 1779 921 1818 verborum
935 1778 1217 1829 conjunctione,
1244 1790 1359 1828 quam
1380 1782 1578 1829 tamquam

193 1843 344 1883 latioris
378 1855 470 1883 usus
503 1847 790 1883 monumentum
824 1844 876 1883 ad
912 1844 1168 1895 posteriorum
1205 1847 1418 1895 temporum
1458 1844 1578 1896 scrip-

194 1913 296 1951 tores
322 1910 524 1950 transiisse
550 1910 630 1949 iam
656 1923 774 1961 supra
807 1909 996 1961 diximus,
1047 1909 1133 1949 dico
1170 1909 1219 1949 de
1254 1909 1385 1949 verbis
1424 1908 1507 1948 οἶόν
1538 1924 1575 1949 τε

195 1974 314 2023 εἶναι,
343 1974 447 2020 ὥστε,
473 1974 539 2024 ἐφ’
566 1972 655 2026 ᾧτε,
684 1974 769 2020 ἅτε,
798 1987 900 2025 quae
926 1979 1015 2014 sunt
1042 1975 1205 2022 similia,
1231 1974 1273 2013 in
1299 1975 1515 2025 tetralogiis
1542 1979 1581 2014 et

195 2041 237 2082 in
264 2041 439 2081 oratione
464 2041 590 2092 prima
623 2041 701 2080 nisi
741 2044 877 2091 quater
912 2041 954 2080 in
981 2039 1075 2078 uim
1100 2040 1179 2089 (Αβ
1205 2040 1250 2087 2,
1289 2040 1346 2086 Βγ
1372 2040 1417 2091 5,
1459 2041 1512 2088 Γγ
1538 2041 1576 2091 6,

196 2108 230 2153 1,
260 2106 326 2158 13)
354 2109 392 2145 et
417 2109 623 2158 praeterea
649 2106 768 2146 semel
793 2106 834 2146 in
861 2105 1027 2146 formula
1053 2105 1122 2145 illa
1151 2103 1235 2144 οἷόν
1267 2117 1304 2143 τε
1331 2104 1431 2143 εἶναι
1458 2105 1509 2157 (I,
1538 2106 1580 2157 8)

205 2185 284 2214 non
308 2172 516 2213 invenitur.

303 2239 632 2289 Frequentissima
659 2241 789 2277 autem
814 2239 855 2277 in
882 2238 1098 2288 tetralogiis
1136 2236 1415 2288 particularum
1449 2237 1581 2274 τέ-τέ

199 2304 418 2356 conjunctio
446 2303 798 2354 antiquissimorum
824 2307 1038 2354 temporum
1073 2302 1242 2354 speciem
1283 2300 1412 2341 efficit.
1476 2301 1580 2342 Nam

200 2381 286 2408 cum
313 2369 364 2408 ab
391 2369 558 2408 Homero
585 2368 802 2418 particulae
829 2368 960 2404 τέ-τέ
985 2367 1211 2416 saepissime
1247 2369 1457 2417 usurpatae
1492 2367 1581 2419 sint,

202 2433 307 2485 apud
334 2433 499 2484 optimos
526 2433 712 2473 sermonis
738 2433 846 2471 attici
873 2433 1079 2483 scriptores
1107 2431 1261 2472 omnino
1289 2431 1371 2471 fere
1390 2443 1581 2471 evenaue-

201 2502 289 2538 runt
324 2502 440 2548 atque
476 2497 678 2550 particulis
713 2498 872 2535 τέ-καί
907 2497 1123 2549 conjunctis
1150 2500 1460 2548 compensantur.
1519 2496 1583 2535 In-

202 2562 379 2604 venimus
406 2566 535 2603 autem
561 2562 761 2614 particulis
786 2563 919 2600 ’τέ-τέ
952 2562 1159 2614 conjuncta
1186 2562 1233 2612 fet
1273 2562 1429 2612 singula
1462 2562 1584 2602 verba

203 2633 242 2671 et
269 2627 466 2671 enunciati
491 2627 664 2670 membra
691 2631 730 2669 et
755 2627 844 2682 ipsa
868 2627 1088 2670 enunciata.
1148 2627 1268 2669 Primi
1303 2639 1395 2668 vero
1432 2626 1585 2680 generis
