1695 2931
831 90 884 130 24

729 299 893 361 Caput
919 299 989 348 Π.

554 398 624 444 De
656 399 882 458 particulis
915 398 965 443 δέ
995 401 1037 443 et
1068 402 1162 453 μέν.

841 512 888 552 A.

275 589 407 628 Prima
433 602 480 628 ac
507 602 603 629 vera
628 592 842 642 particulae
870 591 914 628 δέ
940 591 1001 630 vis
1028 602 1077 629 ea
1104 601 1190 629 esse
1207 588 1373 638 videtur,
1400 590 1443 626 ut
1469 598 1556 626 nor-

172 666 262 692 vam
288 654 460 704 aliquam
487 667 570 694 rem
597 656 860 707 superioribus
886 655 1016 696 addet.
1069 653 1185 696 Unde
1211 653 1383 694 nascitur
1409 652 1444 692 is
1470 664 1558 703 par-

172 718 315 757 ticulae
329 731 430 767 usus,
446 724 488 757 ut
497 732 616 770 saepe
630 733 789 759 numero
800 721 968 759 orationi
976 718 1261 758 continuandae
1271 717 1469 756 inserviat.
1495 716 1559 754 Ita

172 782 369 833 prooemio
382 783 559 823 absoluto
573 785 751 824 transitio
773 786 824 824 ad
846 787 972 836 ipsam
986 784 1251 824 defensionem
1266 782 1329 822 vel
1345 780 1559 821 accusatio-

174 859 263 886 nem
289 848 481 897 particula
510 847 555 885 δέ
581 849 653 901 ίίίκἸ
676 850 737 897 Αβ
761 850 807 899 53
844 851 904 896 Αγ
933 851 976 900 13
1012 849 1073 889 Βδ
1096 851 1145 899 33
1181 849 1234 894 Γγ
1263 849 1306 897 13
1349 846 1407 884 Γδ
1431 847 1468 886 2.

281 912 471 962 Epilogus
497 925 587 953 vero
616 914 809 965 particula
837 913 882 952 δέ
908 915 1046 967 incipit
1080 915 1144 954 Aa
1171 914 1218 964 93
1245 913 1303 960 Αγ
1330 912 1375 963 93
1402 910 1465 951 Ad
1491 911 1561 963 113

176 976 232 1023 By
262 978 332 1028 113
374 980 425 1024 Γγ
453 980 489 1018 6.

282 1043 452 1083 Maxime
486 1049 615 1084 autem
651 1045 749 1084 haec
785 1044 956 1084 addendi
994 1044 1054 1084 vis
1089 1043 1293 1095 perspicua
1334 1046 1392 1082 est
1429 1042 1470 1081 in
1504 1042 1561 1082 eis

176 1108 472 1158 tetralogiarum
499 1111 696 1162 partibus,
736 1112 777 1150 in
806 1111 947 1160 quibus
973 1110 1095 1148 multa
1122 1113 1350 1158 argumenta
1378 1109 1562 1158 deinceps

177 1172 405 1223 afferuntur,
432 1186 592 1224 quorum
620 1175 660 1213 in
688 1175 979 1214 enumeratione
1008 1173 1201 1225 particula
1238 1171 1283 1210 δέ
1310 1172 1466 1224 saepius
1492 1171 1563 1212 de-

178 1237 312 1288 inceps
339 1243 579 1289 usurpatur..
621 1240 711 1279 Jam
749 1252 867 1290 supra
904 1239 952 1278 de
982 1239 1055 1278 hac
1082 1238 1334 1288 Antiphontis
1361 1242 1563 1276 consuetu-

180 1300 270 1339 dine
298 1314 423 1352 pauca
452 1303 533 1341 dixi
561 1307 599 1342 et
624 1304 740 1343 trium
767 1304 985 1342 orationum
1012 1302 1214 1354 exempla,
1250 1313 1350 1352 quae
1377 1301 1453 1341 huc
1477 1313 1563 1353 per-

178 1365 314 1416 tinent,
342 1367 455 1405 attuli
498 1367 547 1407 cf.
573 1381 610 1418 p.
640 1369 688 1407 12
716 1380 771 1418 sq.
835 1368 975 1408 Cetera
1011 1367 1193 1419 exempla
1228 1367 1404 1406 invenies
1430 1368 1486 1414 Βγ
1513 1368 1564 1417 73

182 1430 241 1468 Bd
267 1432 313 1480 33
356 1433 409 1479 Γβ
435 1433 481 1482 3;
519 1434 572 1479 Γγ
599 1434 643 1479 2;
687 1432 744 1470 Γδ
770 1434 816 1484 33

286 1496 346 1535 De
373 1496 490 1536 simili
517 1497 682 1537 aliarum
709 1498 815 1549 apud
833 1498 1111 1548 Antiphontem
1125 1498 1404 1549 particularum
1431 1497 1565 1537 crebro

181 1571 253 1599 usu
280 1559 375 1599 dicit
401 1561 537 1601 Ottsen
575 1562 639 1613 (cf.
678 1563 761 1602 eius
798 1562 1069 1602 dissertionem
1105 1562 1154 1602 de
1189 1575 1316 1603 rerum
1342 1563 1565 1603 inventione

183 1637 230 1665 ac
257 1625 522 1678 dispositione,
550 1640 650 1677 quae
679 1631 737 1667 est
763 1629 805 1667 in
831 1629 976 1679 Lysiae
1010 1633 1127 1678 atque
1153 1628 1400 1679 Antiphontis
1427 1628 1566 1668 oratio·

183 1690 310 1740 nibus,
336 1691 570 1742 Flensburgi
599 1693 698 1731 1847
728 1705 766 1743 p.
794 1693 873 1744 17.)

285 1756 394 1796 Talis
430 1757 644 1808 particulae
688 1756 733 1794 δέ
768 1758 976 1797 cumulatio
1013 1758 1053 1797 in
1094 1770 1149 1797 or.
1175 1758 1205 1797 I.
1242 1771 1320 1798 non
1359 1758 1566 1810 invenitur,

184 1833 276 1859 nam
301 1821 357 1860 ibi
384 1834 472 1861 raro
500 1822 692 1873 particula
719 1822 766 1859 δέ
792 1822 844 1862 ad
869 1836 1012 1862 novam
1038 1823 1209 1873 aliquam
1236 1835 1318 1862 rem
1345 1822 1567 1862 addendam

185 1890 402 1937 usurpatur.
455 1887 564 1927 Haec
590 1887 717 1927 habeo
745 1888 829 1928 eius
857 1887 1014 1939 generis
1041 1888 1238 1939 exempla:
1267 1888 1299 1938 Ι,
1325 1889 1369 1937 3;
1407 1888 1458 1938 53
1496 1888 1566 1939 143

182 1952 253 2001 23;
280 1952 344 1991 28.

289 2016 402 2056 Alius
441 2016 658 2068 particulae
692 2016 737 2055 δέ
772 2029 864 2057 usus
890 2016 1112 2068 Kayserum
1148 2015 1259 2066 fugit.
1326 2017 1432 2057 Dicit
1465 2018 1567 2058 enim

188 2081 254 2133 (cf.
282 2095 331 2121 m.
358 2082 415 2121 rh.
441 2082 521 2121 XII
549 2095 587 2133 p.
613 2083 728 2133 23‘0:
771 2082 845 2134 „da
881 2081 949 2120 der
975 2085 1057 2121 satz
1085 2080 1258 2125 ἅπαντος
1284 2080 1328 2119 δὲ
1353 2083 1420 2121 τοῦ
1446 2082 1566 2131 μιάσ-

184 2160 304 2196 ματος
330 2145 624 2197 α’ναχωροῢντος
639 2147 693 2191 εἷς
709 2145 810 2197 ἡμᾶς
826 2170 876 2175 -
895 2146 1169 2195 πειρασόμεθα
1196 2145 1290 2195 ὑμῖν
1316 2145 1459 2197 δηλοῦν
1485 2159 1568 2198 sqq.

185 2212 265 2263 (Aa
292 2212 334 2263 3)
364 2211 437 2251 das
462 2211 783 2262 vorhergehende
813 2209 1157 2260 zusammenfasst‚
1184 2210 1314 2250 wollte
1341 2210 1460 2251 schon
1484 2211 1568 2252 Ste-

183 2278 337 2330 phanus
363 2277 537 2322 ἆπαντος
564 2275 635 2316 οὖν
662 2277 723 2317 fur
753 2275 927 2321 ἅπαντος
954 2274 998 2313 δέ
1024 2270 1154 2325 lesen'5
1194 2275 1293 2314 doch
1319 2276 1370 2315 ist
1395 2275 1568 2321 ἅπαντος

185 2344 234 2394 δή
270 2342 677 2383 wahrscheinlicher“.
756 2342 944 2382 Neutrum
981 2344 1096 2380 recte.
1176 2341 1382 2393 Conferas‚
1423 2354 1567 2393 quaeso

183 2410 244 2459 Αβ
260 2411 307 2449 12
322 2410 389 2459 ἐμὲ
404 2409 447 2448 δὲ
462 2410 660 2457 γνώσεσθε
674 2409 759 2447 οὔτε
776 2423 850 2459 -;
878 2405 1049 2446 τοιούτου
1068 2405 1112 2444 δὲ
1124 2404 1234 2451 ὄντος
1250 2420 1326 2456 μου
1336 2407 1459 2458 μηδὲν
1476 2406 1567 2446 α’νό-

186 2486 270 2514 σιον
295 2475 392 2526 μηδὲ
420 2475 581 2526 αἰσχρὸν
606 2476 834 2522 καταγνῶτε.
887 2472 950 2512 Αδ
979 2472 1029 2511 10
1055 2470 1213 2510 πάντων
1240 2471 1284 2509 δὲ
1309 2474 1385 2510 τῶν
1412 2486 1567 2525 κατηγο·

185 2542 386 2593 ρηθέντων
412 2540 584 2579 ἀπίστων
610 2539 873 2589 ἐλεγχθέντων
899 2550 980 2590 sqq.
1008 2540 1048 2578 et
1073 2540 1274 2590 praeterea
1300 2538 1360 2586 Ββ
1375 2539 1419 2589 63
1447 2539 1507 2588 Ββ
1520 2540 1566 2590 8;

185 2607 242 2654 Βγ
272 2606 341 2658 11;
379 2604 440 2647 Βδ
464 2606 511 2657 93
551 2605 608 2644 Γδ
637 2605 709 2657 1ος
743 2616 843 2656 quae
879 2602 1087 2644 enunciata
1114 2602 1243 2644 omnia
1269 2602 1326 2643 ita
1351 2607 1441 2645 sunt
1467 2615 1566 2646 com-
