1695 2931
813 115 938 160 3⁷*

679 355 844 418 Caput
874 356 972 405 III.

581 480 657 526 De
687 481 947 540 particula
980 479 1082 527 οὖν.

243 609 440 649 Particula
481 607 552 647 οὖν
587 609 694 649 nulla
733 610 813 650 alia
840 610 1034 662 particula
1061 610 1215 662 adjecta
1239 611 1281 649 in
1306 611 1524 662 tetralogiis

140 674 313 715 codicum
337 675 545 714 autoritate
573 675 632 714 his
659 675 756 715 locis
774 676 995 715 invenitur:
1023 677 1086 714 Aa
1103 677 1149 726 23
1176 676 1239 715 Aa
1270 677 1344 726 113
1370 679 1427 723 Ar
1457 677 1524 727 113

140 737 203 777 Αδ
224 738 300 788 123
326 739 383 785 Βγ
409 739 479 789 11;
506 739 566 786 Ββ
593 739 847 790 123137123
878 739 940 779 Βδ
960 741 1007 790 9;
1034 741 1090 788 Γβ
1110 740 1156 789 93
1184 739 1241 776 Γδ
1264 740 1323 778 11.
1376 740 1523 787 Quibus

140 802 272 843 decem
286 803 473 855 exemplis
485 804 663 843 omnibus
681 803 908 844 adhortatio.
926 804 1102 856 judicum
1129 804 1354 844 continetur.
1406 804 1523 845 Prae-

138 870 245 906 terea
260 879 336 907 uno
350 871 498 907 tantum
520 868 605 907 loco
621 868 813 919 particula
830 866 904 905 οὖν
917 869 974 907 ita
988 868 1132 907 tradita
1146 872 1217 918 est,
1245 872 1286 907 ut
1299 868 1349 907 de
1361 869 1445 907 eius
1458 880 1523 907 ve·

139 931 253 971 ritate
279 931 447 972 dubitari
475 945 552 973 non
577 933 701 984 possit
723 934 780 970 Γα
794 933 819 972 2
853 931 954 977 ὅστις
980 930 1052 971 οὖν
1077 935 1222 970 zoin-w
1247 930 1323 973 ὗπό
1342 934 1409 970 τοῦ
1425 932 1525 972 θεοῦ

138 996 391 1042 ἀξιωθέντων
409 1009 491 1047 sqq.
513 998 586 1047 (sic
614 1010 700 1036 cum
712 998 885 1048 Sauppio
913 997 962 1036 cf.
976 997 1054 1036 ind.
1068 998 1184 1037 schol.
1199 1010 1235 1048 p.
1251 998 1300 1037 15
1318 999 1394 1049 sq.)
1441 998 1522 1037 Sed

139 1061 210 1101 hoc
222 1062 452 1114 exemplum,
472 1062 576 1113 quod
588 1074 704 1102 unum
715 1066 861 1102 certum
881 1062 1014 1101 amira
1028 1062 1097 1101 illa
1111 1062 1293 1102 dictionis
1303 1062 1522 1102 constantia

138 1126 294 1178 recedit,
321 1127 419 1168 duos
431 1128 530 1168 alios
547 1128 652 1168 locos
679 1132 820 1179 tuetur,
848 1128 916 1167 ubi
941 1128 1133 1179 particula
1160 1125 1232 1165 οὖν
1255 1127 1298 1167 in
1323 1127 1521 1168 codicibus

138 1196 316 1244 corrupta
342 1197 411 1233 est.
465 1194 564 1233 Nam
590 1193 652 1233 Βδ
677 1195 701 1233 9
729 1193 770 1233 in
797 1193 952 1245 optimis
994 1193 1193 1246 codicibus
1228 1193 1301 1244 (pr.
1327 1194 1363 1232 A
1389 1197 1429 1233 et
1453 1194 1518 1248 N.)

138 1255 208 1295 οὖν
233 1258 419 1297 omittitur
432 1288 443 1309 ,
470 1270 557 1297 cum
584 1258 784 1298 deterioris
811 1258 968 1309 generis
994 1258 1146 1298 codices
1172 1258 1402 1309 praebeant:
1445 1256 1518 1295 οὐκ

136 1322 216 1360 ἐάν
245 1320 316 1362 οὖν
339 1320 559 1373 ἀπολύσητε
585 1322 700 1374 ἡμᾶς,
754 1323 833 1364 Sed
858 1335 934 1373 quc
951 1323 1092 1363 locohi
1111 1323 1262 1363 codices
1288 1322 1519 1374 particulam

135 1385 207 1423 οὖν
232 1386 403 1427 habeant
428 1399 513 1426 eam
540 1387 632 1427 ferri
660 1399 737 1427 non
763 1399 881 1438 posse
920 1386 1014 1427 dicit
1042 1386 1238 1438 Sauppius
1276 1387 1372 1435 (ind.
1399 1386 1519 1427 schol.

135 1464 172 1502 p.
201 1451 285 1503 15),
314 1463 433 1502 quare
460 1452 696 1492 clarissimus
723 1452 790 1492 ille
817 1455 1014 1492 oratorum
1039 1463 1266 1502 graecorum
1294 1450 1518 1491 emendator

135 1517 216 1567 legi
236 1516 351 1568 jubet
379 1515 449 1556 οὐκ
489 1515 559 1554 οὖν
594 1516 668 1554 ἐὰν
704 1516 932 1567 ἀπολύσητε.
997 1517 1131 1557 Altero
1163 1529 1256 1557 vero
1289 1517 1374 1557 loco
1409 1517 1466 1564 Br
1492 1518 1515 1557 7

135 1580 325 1621 habentur
350 1582 391 1620 in
419 1581 638 1622 codicibus:
666 1581 687 1620 ὃ
716 1583 840 1633 φόνος
869 1582 917 1621 ὃν
942 1580 1076 1632 α’νήκει
1102 1582 1156 1626 εἰς
1182 1582 1268 1626 τοὺς
1294 1583 1519 1631 θεωμένους

133 1647 159 1695 ἢ·
192 1645 247 1690 εἰς
282 1647 369 1692 τοὺς
403 1646 699 1695 παιδαγωγούςς
743 1647 812 1688 sed
856 1659 991 1688 omnes
1032 1647 1199 1688 editores
1234 1651 1431 1688 mutarunt
1469 1646 1517 1686 ὃν

133 1724 174 1750 1n
201 1709 282 1750 οὖν.

183 1796 196 1809 ·
237 1778 452 1818 Praeterea
478 1779 562 1818 sola
588 1779 778 1830 particula
803 1776 874 1818 οὖν
899 1790 1087 1828 nusquam
1114 1777 1266 1828 legitur.

236 1842 283 1882 In
311 1854 365 1883 or.
378 1842 409 1883 Ι.
438 1842 524 1883 sola
550 1842 741 1895 particula
769 1841 840 1881 οὖν
866 1842 927 1882 bis
950 1842 1092 1894 legitur
1104 1843 1145 1882 in
1159 1842 1388 1894 enunciatis,
1415 1854 1516 1893 quae

133 1905 444 1947 adhortationem
495 1909 711 1948 continent:
738 1909 779 1959 I,
819 1909 891 1958 213
935 1909 1008 1958 223
1050 1907 1196 1956 Quater
1234 1908 1430 1948 invenitur
1472 1908 1514 1948 in

134 1971 349 2012 enunciatis
374 1972 683 2024 interrogativis:
717 1973 749 2024 Ι,
774 1973 819 2023 4;,
848 1973 891 2023 73
921 1973 965 2023 83
990 1973 1053 2012 26.
1078 2001 1082 2005 -

236 2037 444 2079 Praeterea
475 2038 703 2090 particulam
740 2035 828 2084 οὖν,
878 2037 986 2078 nulla
1022 2037 1102 2078 alia
1136 2035 1327 2089 particula
1361 2035 1510 2089 addita,

132 2103 251 2143 octies
276 2104 493 2143 invenimus
519 2104 538 2142 I
567 2106 627 2155 10,
657 2105 719 2154 12,
747 2105 807 2154 14,
837 2104 887 2143 16
915 2103 1020 2154 (bis),
1051 2104 1096 2142 17
1126 2103 1221 2154 (bis)
1248 2103 1312 2142 25.

237 2169 284 2209 In
313 2170 532 2221 tetralogiis
569 2169 762 2222 particula
799 2167 871 2208 οὖν
907 2182 984 2209 uno
1023 2169 1105 2209 loco
1143 2169 1207 2208 Aa
1233 2169 1259 2208 2
1294 2167 1513 2220 pronomini

131 2233 189 2271 ὅτι
216 2233 414 2274 adhaeret.
477 2236 614 2285 Neque
640 2234 797 2284 saepius
823 2234 966 2283 legitur
991 2233 1265 2284 particularum
1292 2232 1511 2283 conjunctio

129 2299 225 2344 γοῦν
249 2299 306 2346 Br
333 2299 382 2338 12
437 2299 483 2339 In
511 2312 564 2339 or.
591 2299 621 2338 1.
646 2299 764 2339 semel
792 2302 851 2339 est
875 2298 912 2336 εἶ
938 2297 1008 2337 οὖν
1033 2299 1064 2350 I,
1094 2297 1153 2349 15,
1180 2300 1220 2338 et
1244 2300 1303 2337 ter
1329 2299 1412 2342 πῶς
1438 2295 1511 2336 νῦν

132 2363 164 2413 Ι,
191 2364 227 2414 7,
256 2365 292 2415 8,
318 2365 381 2403 26.

234 2428 515 2468 Particularum
552 2431 625 2477 μὲν
651 2427 721 2467 οὖν
747 2429 1054 2481 conjunctionem
1081 2428 1141 2467 bis
1167 2440 1285 2479 supra
1311 2428 1511 2480 tetigimus

132 2491 198 2543 (cf.
225 2505 263 2544 p.
289 2494 341 2533 29
367 2498 406 2533 et
432 2506 469 2545 p.
495 2493 573 2544 34).
641 2493 780 2534 Cetera
820 2493 1018 2545 exempla,
1056 2504 1155 2543 quae
1181 2493 1353 2534 nondum
1380 2494 1510 2535 attuli—

132 2558 392 2610 mus(Ass4,
429 2559 499 2609 123
541 2559 675 2611 Bal,
711 2558 923 2610 β3,68;
960 2558 1089 2610 1·oe5,
1124 2559 1509 2612 β8,ν6,δ1,5

132 2622 187 2662 ita
215 2627 304 2664 sunt
332 2628 576 2677 comparata,
604 2628 645 2665 ut
672 2624 786 2666 facile
812 2624 1069 2676 intelligatur,
1092 2625 1304 2677 particulas
1328 2626 1417 2667 illas
1446 2627 1509 2679 „in
