<?xml version="1.0" encoding="UTF-8"?>
<!DOCTYPE html PUBLIC "-//W3C//DTD XHTML 1.0 Transitional//EN"
    "http://www.w3.org/TR/xhtml1/DTD/xhtml1-transitional.dtd">
<html xmlns="http://www.w3.org/1999/xhtml" xml:lang="en" lang="en">
 <head>
  <title>
</title>
<meta http-equiv="Content-Type" content="text/html;charset=utf-8" />
  <meta name='ocr-system' content='tesseract 3.04.00' />
  <meta name='ocr-capabilities' content='ocr_page ocr_carea ocr_par ocr_line ocrx_word'/>
</head>
<body>
  <div class='ocr_page' id='page_1' title='image "4737363_0057.png"; bbox 0 0 1695 2931; ppageno 0'>
   <div class='ocr_carea' id='block_1_1' title="bbox 775 144 875 184">
    <p class='ocr_par' dir='ltr' id='par_1_1' title="bbox 775 144 875 184">
     <span class='ocr_line' id='line_1_1' title="bbox 775 144 875 184; baseline -0.01 0"><span class='ocrx_word' id='word_1_1' title='bbox 775 144 875 184; x_wconf 86' lang='lat'><strong>51·</strong></span> 
     </span>
    </p>
   </div>
   <div class='ocr_carea' id='block_1_2' title="bbox 116 247 1495 2390">
    <p class='ocr_par' dir='ltr' id='par_1_2' title="bbox 116 247 1486 823">
     <span class='ocr_line' id='line_1_2' title="bbox 116 247 1485 306; baseline -0.005 -15"><span class='ocrx_word' id='word_1_2' title='bbox 116 255 162 306; x_wconf 78' lang='lat' dir='ltr'><strong>V²</strong></span> <span class='ocrx_word' id='word_1_3' title='bbox 182 253 239 292; x_wconf 80' lang='lat'><strong>40</strong></span> <span class='ocrx_word' id='word_1_4' title='bbox 260 253 383 289; x_wconf 69' lang='grc' dir='ltr'><strong>καὴω</strong></span> <span class='ocrx_word' id='word_1_5' title='bbox 419 249 627 300; x_wconf 73' lang='grc' dir='ltr'><strong><em>σκέψασθε</em></strong></span> <span class='ocrx_word' id='word_1_6' title='bbox 662 247 718 285; x_wconf 79' lang='grc' dir='ltr'><strong>ὅτι</strong></span> <span class='ocrx_word' id='word_1_7' title='bbox 753 248 905 296; x_wconf 74' lang='grc' dir='ltr'><strong><em>πρῶτον</em></strong></span> <span class='ocrx_word' id='word_1_8' title='bbox 942 249 1015 296; x_wconf 72' lang='grc' dir='ltr'><strong>μέν</strong></span> <span class='ocrx_word' id='word_1_9' title='bbox 1045 259 1127 298; x_wconf 89' lang='lat' dir='ltr'><strong>sqq.</strong></span> <span class='ocrx_word' id='word_1_10' title='bbox 1154 259 1240 287; x_wconf 90' lang='lat' dir='ltr'><strong>cum</strong></span> <span class='ocrx_word' id='word_1_11' title='bbox 1266 247 1322 286; x_wconf 87' lang='lat' dir='ltr'><strong>eis</strong></span> <span class='ocrx_word' id='word_1_12' title='bbox 1335 276 1345 296; x_wconf 92' lang='lat'>,</span> <span class='ocrx_word' id='word_1_13' title='bbox 1384 256 1485 296; x_wconf 86' lang='lat' dir='ltr'><strong>quae</strong></span> 
     </span>
     <span class='ocr_line' id='line_1_3' title="bbox 116 311 1483 365; baseline -0.006 -8"><span class='ocrx_word' id='word_1_14' title='bbox 116 315 365 365; x_wconf 85' lang='lat' dir='ltr'><strong>antecedunt,</strong></span> <span class='ocrx_word' id='word_1_15' title='bbox 400 314 457 353; x_wconf 88' lang='lat' dir='ltr'><strong>ita</strong></span> <span class='ocrx_word' id='word_1_16' title='bbox 483 313 564 352; x_wconf 82' lang='lat' dir='ltr'><strong>fere</strong></span> <span class='ocrx_word' id='word_1_17' title='bbox 591 311 797 362; x_wconf 83' lang='lat' dir='ltr'><strong>conjuncta</strong></span> <span class='ocrx_word' id='word_1_18' title='bbox 823 314 920 350; x_wconf 89' lang='lat' dir='ltr'><strong>sunt.</strong></span> <span class='ocrx_word' id='word_1_19' title='bbox 971 312 1177 362; x_wconf 85' lang='lat' dir='ltr'><strong>Postquam</strong></span> <span class='ocrx_word' id='word_1_20' title='bbox 1210 314 1298 350; x_wconf 82' lang='lat' dir='ltr'><strong>reu&#39;s</strong></span> <span class='ocrx_word' id='word_1_21' title='bbox 1325 320 1483 349; x_wconf 82' lang='lat' dir='ltr'><strong>accusa-</strong></span> 
     </span>
     <span class='ocr_line' id='line_1_4' title="bbox 117 375 1483 427; baseline -0.007 -5"><span class='ocrx_word' id='word_1_22' title='bbox 117 387 243 422; x_wconf 86' lang='lat' dir='ltr'><strong>torum</strong></span> <span class='ocrx_word' id='word_1_23' title='bbox 268 379 561 427; x_wconf 75' lang='lat' dir='ltr'>contentionem,</span> <span class='ocrx_word' id='word_1_24' title='bbox 587 388 740 416; x_wconf 86' lang='lat' dir='ltr'><strong>scrvum</strong></span> <span class='ocrx_word' id='word_1_25' title='bbox 765 388 807 415; x_wconf 89' lang='lat' dir='ltr'><strong>se</strong></span> <span class='ocrx_word' id='word_1_26' title='bbox 833 377 939 416; x_wconf 89' lang='lat' dir='ltr'><strong>necis</strong></span> <span class='ocrx_word' id='word_1_27' title='bbox 965 376 1179 427; x_wconf 87' lang='lat' dir='ltr'><strong>adjutorem</strong></span> <span class='ocrx_word' id='word_1_28' title='bbox 1205 375 1410 424; x_wconf 80' lang='lat' dir='ltr'>indicasse,</span> <span class='ocrx_word' id='word_1_29' title='bbox 1436 386 1483 413; x_wconf 89' lang='lat' dir='ltr'><strong>eo</strong></span> 
     </span>
     <span class='ocr_line' id='line_1_5' title="bbox 119 438 1484 497; baseline -0.007 -11"><span class='ocrx_word' id='word_1_30' title='bbox 119 445 269 497; x_wconf 87' lang='lat' dir='ltr'><strong>repulit,</strong></span> <span class='ocrx_word' id='word_1_31' title='bbox 298 443 401 494; x_wconf 88' lang='lat' dir='ltr'><strong>quod</strong></span> <span class='ocrx_word' id='word_1_32' title='bbox 426 441 542 492; x_wconf 84' lang='lat' dir='ltr'><strong>dixit,</strong></span> <span class='ocrx_word' id='word_1_33' title='bbox 570 452 722 480; x_wconf 89' lang='lat' dir='ltr'><strong>servum</strong></span> <span class='ocrx_word' id='word_1_34' title='bbox 748 441 844 479; x_wconf 91' lang='lat' dir='ltr'><strong>nihil</strong></span> <span class='ocrx_word' id='word_1_35' title='bbox 866 441 1082 481; x_wconf 86' lang='lat' dir='ltr'><strong>testimonio</strong></span> <span class='ocrx_word' id='word_1_36' title='bbox 1104 441 1368 489; x_wconf 82' lang='lat' dir='ltr'><strong>confirmasse,</strong></span> <span class='ocrx_word' id='word_1_37' title='bbox 1407 438 1484 477; x_wconf 85' lang='lat' dir='ltr'><strong>nisi</strong></span> 
     </span>
     <span class='ocr_line' id='line_1_6' title="bbox 117 504 1481 553; baseline -0.006 -1"><span class='ocrx_word' id='word_1_38' title='bbox 117 524 159 553; x_wconf 85' lang='lat' dir='ltr'><strong>se</strong></span> <span class='ocrx_word' id='word_1_39' title='bbox 179 515 218 551; x_wconf 92' lang='lat' dir='ltr'><strong>et</strong></span> <span class='ocrx_word' id='word_1_40' title='bbox 243 521 348 550; x_wconf 87' lang='lat' dir='ltr'><strong>reum</strong></span> <span class='ocrx_word' id='word_1_41' title='bbox 379 512 418 547; x_wconf 86' lang='lat' dir='ltr'><strong>et</strong></span> <span class='ocrx_word' id='word_1_42' title='bbox 444 507 636 547; x_wconf 84' lang='lat' dir='ltr'><strong>hominem</strong></span> <span class='ocrx_word' id='word_1_43' title='bbox 661 505 901 546; x_wconf 85' lang='lat' dir='ltr'><strong>interfectum</strong></span> <span class='ocrx_word' id='word_1_44' title='bbox 927 519 949 546; x_wconf 90' lang='lat' dir='ltr'><strong>e</strong></span> <span class='ocrx_word' id='word_1_45' title='bbox 984 507 1077 546; x_wconf 87' lang='lat' dir='ltr'><strong>navi</strong></span> <span class='ocrx_word' id='word_1_46' title='bbox 1102 506 1281 546; x_wconf 80' lang='lat' dir='ltr'>eduxisse</span> <span class='ocrx_word' id='word_1_47' title='bbox 1308 509 1347 544; x_wconf 86' lang='lat' dir='ltr'><strong>et</strong></span> <span class='ocrx_word' id='word_1_48' title='bbox 1373 504 1481 544; x_wconf 90' lang='lat' dir='ltr'><strong>illum</strong></span> 
     </span>
     <span class='ocr_line' id='line_1_7' title="bbox 120 568 1486 623; baseline -0.006 -8"><span class='ocrx_word' id='word_1_49' title='bbox 120 577 172 616; x_wconf 89' lang='lat' dir='ltr'><strong>ab</strong></span> <span class='ocrx_word' id='word_1_50' title='bbox 215 586 280 614; x_wconf 88' lang='lat' dir='ltr'><strong>reo</strong></span> <span class='ocrx_word' id='word_1_51' title='bbox 316 572 557 613; x_wconf 82' lang='lat' dir='ltr'><strong>interfectum</strong></span> <span class='ocrx_word' id='word_1_52' title='bbox 606 573 646 611; x_wconf 93' lang='lat' dir='ltr'><strong>in</strong></span> <span class='ocrx_word' id='word_1_53' title='bbox 685 583 791 611; x_wconf 87' lang='lat' dir='ltr'><strong>mare</strong></span> <span class='ocrx_word' id='word_1_54' title='bbox 830 571 1026 623; x_wconf 83' lang='lat' dir='ltr'><strong>dejecisse.</strong></span> <span class='ocrx_word' id='word_1_55' title='bbox 1100 572 1198 610; x_wconf 86' lang='lat' dir='ltr'>Huic</span> <span class='ocrx_word' id='word_1_56' title='bbox 1242 570 1342 609; x_wconf 86' lang='lat' dir='ltr'><strong>falso</strong></span> <span class='ocrx_word' id='word_1_57' title='bbox 1382 568 1486 608; x_wconf 88' lang='lat' dir='ltr'><strong>servi</strong></span> 
     </span>
     <span class='ocr_line' id='line_1_8' title="bbox 118 633 1482 691; baseline -0.005 -10"><span class='ocrx_word' id='word_1_58' title='bbox 118 640 335 681; x_wconf 90' lang='lat' dir='ltr'><strong>testimonio</strong></span> <span class='ocrx_word' id='word_1_59' title='bbox 372 652 461 681; x_wconf 86' lang='lat' dir='ltr'><strong>reus</strong></span> <span class='ocrx_word' id='word_1_60' title='bbox 487 639 545 691; x_wconf 90' lang='lat' dir='ltr'><strong>id,</strong></span> <span class='ocrx_word' id='word_1_61' title='bbox 584 638 687 691; x_wconf 89' lang='lat' dir='ltr'><strong>quod</strong></span> <span class='ocrx_word' id='word_1_62' title='bbox 721 650 853 680; x_wconf 87' lang='lat' dir='ltr'><strong>servus</strong></span> <span class='ocrx_word' id='word_1_63' title='bbox 879 637 1076 677; x_wconf 88' lang='lat' dir='ltr'><strong>tormentis</strong></span> <span class='ocrx_word' id='word_1_64' title='bbox 1101 635 1270 676; x_wconf 88' lang='lat' dir='ltr'><strong>nondum</strong></span> <span class='ocrx_word' id='word_1_65' title='bbox 1296 633 1482 674; x_wconf 82' lang='lat' dir='ltr'><strong>adhibitis</strong></span> 
     </span>
     <span class='ocr_line' id='line_1_9' title="bbox 124 700 1479 757; baseline -0.007 -12"><span class='ocrx_word' id='word_1_66' title='bbox 124 705 241 755; x_wconf 82' lang='lat' dir='ltr'><strong>dixit,</strong></span> <span class='ocrx_word' id='word_1_67' title='bbox 281 706 341 745; x_wconf 91' lang='lat' dir='ltr'><strong>his</strong></span> <span class='ocrx_word' id='word_1_68' title='bbox 367 706 498 745; x_wconf 79' lang='lat' dir='ltr'><strong>&#39;verbis</strong></span> <span class='ocrx_word' id='word_1_69' title='bbox 532 706 706 757; x_wconf 81' lang='lat' dir='ltr'><strong>opponit:</strong></span> <span class='ocrx_word' id='word_1_70' title='bbox 744 705 864 742; x_wconf 77' lang='grc' dir='ltr'><strong><em>καίτοι</em></strong></span> <span class='ocrx_word' id='word_1_71' title='bbox 891 704 1095 755; x_wconf 75' lang='grc' dir='ltr'><strong><em>σκέψασθε</em></strong></span> <span class='ocrx_word' id='word_1_72' title='bbox 1121 701 1176 738; x_wconf 72' lang='grc' dir='ltr'><strong>ὅτι</strong></span> <span class='ocrx_word' id='word_1_73' title='bbox 1204 702 1356 751; x_wconf 78' lang='grc' dir='ltr'><em>πρῶτον</em></span> <span class='ocrx_word' id='word_1_74' title='bbox 1386 700 1479 747; x_wconf 78' lang='grc' dir='ltr'><strong>μέν,</strong></span> 
     </span>
     <span class='ocr_line' id='line_1_10' title="bbox 123 768 935 823; baseline 0.001 -16"><span class='ocrx_word' id='word_1_75' title='bbox 123 772 214 821; x_wconf 73' lang='grc' dir='ltr'><strong>πρὶν</strong></span> <span class='ocrx_word' id='word_1_76' title='bbox 251 768 317 809; x_wconf 73' lang='grc' dir='ltr'><strong>ἐπὶ</strong></span> <span class='ocrx_word' id='word_1_77' title='bbox 354 772 420 809; x_wconf 74' lang='grc' dir='ltr'><strong>τὸν</strong></span> <span class='ocrx_word' id='word_1_78' title='bbox 457 773 594 820; x_wconf 79' lang='grc' dir='ltr'><strong><em>τροχὸν</em></strong></span> <span class='ocrx_word' id='word_1_79' title='bbox 633 768 828 822; x_wconf 71' lang='grc' dir='ltr'><strong><em>ἀναβῆναι</em></strong></span> <span class='ocrx_word' id='word_1_80' title='bbox 854 781 935 823; x_wconf 78' lang='lat' dir='ltr'><strong>sqq.</strong></span> 
     </span>
    </p>

    <p class='ocr_par' dir='ltr' id='par_1_3' title="bbox 120 831 1490 1412">
     <span class='ocr_line' id='line_1_11' title="bbox 226 831 1487 890; baseline -0.002 -15"><span class='ocrx_word' id='word_1_81' title='bbox 226 835 348 875; x_wconf 86' lang='lat' dir='ltr'><strong>Paulo</strong></span> <span class='ocrx_word' id='word_1_82' title='bbox 375 840 463 887; x_wconf 89' lang='lat' dir='ltr'><strong>post</strong></span> <span class='ocrx_word' id='word_1_83' title='bbox 487 834 528 874; x_wconf 87' lang='lat' dir='ltr'><strong>in</strong></span> <span class='ocrx_word' id='word_1_84' title='bbox 554 837 579 885; x_wconf 65' lang='grc' dir='ltr'>ἓ</span> <span class='ocrx_word' id='word_1_85' title='bbox 597 834 649 890; x_wconf 94' lang='grc'><strong>42</strong></span> <span class='ocrx_word' id='word_1_86' title='bbox 675 848 763 876; x_wconf 86' lang='lat' dir='ltr'><strong>reus</strong></span> <span class='ocrx_word' id='word_1_87' title='bbox 789 835 966 888; x_wconf 82' lang='lat' dir='ltr'><strong>affirmat,</strong></span> <span class='ocrx_word' id='word_1_88' title='bbox 993 838 1155 877; x_wconf 87' lang='lat' dir='ltr'><strong>hominis</strong></span> <span class='ocrx_word' id='word_1_89' title='bbox 1181 835 1293 877; x_wconf 85' lang='lat' dir='ltr'><strong>liberi</strong></span> <span class='ocrx_word' id='word_1_90' title='bbox 1318 831 1487 875; x_wconf 82' lang='lat' dir='ltr'><strong>testimo-</strong></span> 
     </span>
     <span class='ocr_line' id='line_1_12' title="bbox 120 898 1487 954; baseline -0.003 -14"><span class='ocrx_word' id='word_1_91' title='bbox 120 898 186 940; x_wconf 89' lang='lat' dir='ltr'><strong>nio</strong></span> <span class='ocrx_word' id='word_1_92' title='bbox 212 911 363 952; x_wconf 85' lang='lat' dir='ltr'><strong>semper</strong></span> <span class='ocrx_word' id='word_1_93' title='bbox 388 911 431 940; x_wconf 82' lang='lat' dir='ltr'><strong>se</strong></span> <span class='ocrx_word' id='word_1_94' title='bbox 457 911 542 941; x_wconf 86' lang='lat' dir='ltr'><strong>esse</strong></span> <span class='ocrx_word' id='word_1_95' title='bbox 557 900 770 954; x_wconf 84' lang='lat' dir='ltr'><strong>liberatum,</strong></span> <span class='ocrx_word' id='word_1_96' title='bbox 797 906 877 941; x_wconf 89' lang='lat' dir='ltr'><strong>tum</strong></span> <span class='ocrx_word' id='word_1_97' title='bbox 903 914 1004 954; x_wconf 85' lang='lat' dir='ltr'><strong>vero,</strong></span> <span class='ocrx_word' id='word_1_98' title='bbox 1030 903 1070 942; x_wconf 90' lang='lat' dir='ltr'><strong>in</strong></span> <span class='ocrx_word' id='word_1_99' title='bbox 1097 905 1121 952; x_wconf 64' lang='grc' dir='ltr'><strong><em>ξ</em></strong></span> <span class='ocrx_word' id='word_1_100' title='bbox 1135 903 1198 952; x_wconf 87' lang='lat'><strong>43,</strong></span> <span class='ocrx_word' id='word_1_101' title='bbox 1225 901 1487 940; x_wconf 84' lang='lat' dir='ltr'><strong>demonstrare</strong></span> 
     </span>
     <span class='ocr_line' id='line_1_13' title="bbox 120 963 1488 1020; baseline -0.003 -14"><span class='ocrx_word' id='word_1_102' title='bbox 120 965 267 1018; x_wconf 78' lang='lat' dir='ltr'><strong>studet,</strong></span> <span class='ocrx_word' id='word_1_103' title='bbox 308 967 424 1007; x_wconf 87' lang='lat' dir='ltr'><strong>etiam</strong></span> <span class='ocrx_word' id='word_1_104' title='bbox 451 968 668 1020; x_wconf 80' lang='lat' dir='ltr'><strong>probabilia</strong></span> <span class='ocrx_word' id='word_1_105' title='bbox 696 968 756 1020; x_wconf 80' lang='grc' dir='ltr'><strong>(τὰ</strong></span> <span class='ocrx_word' id='word_1_106' title='bbox 784 968 928 1019; x_wconf 72' lang='grc' dir='ltr'><strong>εἰκότα)</strong></span> <span class='ocrx_word' id='word_1_107' title='bbox 956 980 997 1008; x_wconf 84' lang='lat' dir='ltr'><strong>se</strong></span> <span class='ocrx_word' id='word_1_108' title='bbox 1033 968 1190 1007; x_wconf 88' lang='lat' dir='ltr'><strong>crimine</strong></span> <span class='ocrx_word' id='word_1_109' title='bbox 1225 967 1395 1015; x_wconf 83' lang='lat' dir='ltr'><strong>solvere,</strong></span> <span class='ocrx_word' id='word_1_110' title='bbox 1434 963 1488 1002; x_wconf 89' lang='lat' dir='ltr'><strong>ad</strong></span> 
     </span>
     <span class='ocr_line' id='line_1_14' title="bbox 121 1027 1489 1084; baseline -0.004 -14"><span class='ocrx_word' id='word_1_111' title='bbox 121 1030 223 1081; x_wconf 90' lang='lat' dir='ltr'><strong>quod</strong></span> <span class='ocrx_word' id='word_1_112' title='bbox 269 1031 488 1072; x_wconf 85' lang='lat' dir='ltr'><strong>faciendum</strong></span> <span class='ocrx_word' id='word_1_113' title='bbox 527 1031 587 1073; x_wconf 87' lang='lat' dir='ltr'><strong>his</strong></span> <span class='ocrx_word' id='word_1_114' title='bbox 632 1030 760 1073; x_wconf 89' lang='lat' dir='ltr'><strong>verbis</strong></span> <span class='ocrx_word' id='word_1_115' title='bbox 796 1033 933 1072; x_wconf 82' lang='lat' dir='ltr'><strong>transit</strong></span> <span class='ocrx_word' id='word_1_116' title='bbox 970 1029 1015 1084; x_wconf 85' lang='lat' dir='ltr'><strong>V,</strong></span> <span class='ocrx_word' id='word_1_117' title='bbox 1049 1031 1099 1072; x_wconf 85' lang='lat'><strong>43</strong></span> <span class='ocrx_word' id='word_1_118' title='bbox 1152 1034 1271 1069; x_wconf 77' lang='grc' dir='ltr'><strong><em>καίτοι</em></strong></span> <span class='ocrx_word' id='word_1_119' title='bbox 1307 1032 1348 1068; x_wconf 76' lang='grc' dir='ltr'><strong>τὸ</strong></span> <span class='ocrx_word' id='word_1_120' title='bbox 1386 1027 1489 1073; x_wconf 75' lang='grc' dir='ltr'><strong><em>εἰκὸς</em></strong></span> 
     </span>
     <span class='ocr_line' id='line_1_15' title="bbox 123 1089 1489 1149; baseline -0.004 -12"><span class='ocrx_word' id='word_1_121' title='bbox 123 1094 325 1148; x_wconf 80' lang='grc' dir='ltr'><strong><em>συμμαχόν</em></strong></span> <span class='ocrx_word' id='word_1_122' title='bbox 340 1099 406 1148; x_wconf 74' lang='grc' dir='ltr'><strong>μοί</strong></span> <span class='ocrx_word' id='word_1_123' title='bbox 418 1097 530 1136; x_wconf 66' lang='grc' dir='ltr'><strong><em>ἐστιν·</em></strong></span> <span class='ocrx_word' id='word_1_124' title='bbox 546 1098 594 1139; x_wconf 81' lang='grc' dir='ltr'><strong>οὐ</strong></span> <span class='ocrx_word' id='word_1_125' title='bbox 614 1099 691 1149; x_wconf 74' lang='grc' dir='ltr'><strong>γάρ</strong></span> <span class='ocrx_word' id='word_1_126' title='bbox 705 1110 786 1149; x_wconf 89' lang='lat' dir='ltr'><strong>sqq.</strong></span> <span class='ocrx_word' id='word_1_127' title='bbox 824 1089 988 1149; x_wconf 85' lang='lat' dir='ltr'><strong>Optime,</strong></span> <span class='ocrx_word' id='word_1_128' title='bbox 1003 1103 1107 1149; x_wconf 89' lang='lat' dir='ltr'><strong>puto,</strong></span> <span class='ocrx_word' id='word_1_129' title='bbox 1130 1097 1202 1136; x_wconf 92' lang='lat' dir='ltr'><strong>hoc</strong></span> <span class='ocrx_word' id='word_1_130' title='bbox 1228 1097 1312 1135; x_wconf 91' lang='lat' dir='ltr'><strong>loco</strong></span> <span class='ocrx_word' id='word_1_131' title='bbox 1325 1095 1489 1134; x_wconf 89' lang='lat' dir='ltr'><strong>Baeum-</strong></span> 
     </span>
     <span class='ocr_line' id='line_1_16' title="bbox 123 1158 1489 1216; baseline -0.004 -14"><span class='ocrx_word' id='word_1_132' title='bbox 123 1162 230 1203; x_wconf 88' lang='lat' dir='ltr'><strong>leinii</strong></span> <span class='ocrx_word' id='word_1_133' title='bbox 257 1163 378 1203; x_wconf 87' lang='lat' dir='ltr'><strong>verba</strong></span> <span class='ocrx_word' id='word_1_134' title='bbox 403 1163 452 1203; x_wconf 90' lang='lat' dir='ltr'><strong>de</strong></span> <span class='ocrx_word' id='word_1_135' title='bbox 486 1163 699 1216; x_wconf 81' lang='lat' dir='ltr'><strong>particulae</strong></span> <span class='ocrx_word' id='word_1_136' title='bbox 725 1165 848 1201; x_wconf 77' lang='grc' dir='ltr'><strong><em>καίτοι</em></strong></span> <span class='ocrx_word' id='word_1_137' title='bbox 875 1175 945 1202; x_wconf 88' lang='lat' dir='ltr'><strong>usu</strong></span> <span class='ocrx_word' id='word_1_138' title='bbox 971 1163 1013 1214; x_wconf 89' lang='lat' dir='ltr'><strong>(l.</strong></span> <span class='ocrx_word' id='word_1_139' title='bbox 1038 1175 1070 1202; x_wconf 91' lang='lat' dir='ltr'><strong>c.</strong></span> <span class='ocrx_word' id='word_1_140' title='bbox 1095 1175 1131 1213; x_wconf 85' lang='lat' dir='ltr'><strong>p.</strong></span> <span class='ocrx_word' id='word_1_141' title='bbox 1158 1162 1252 1212; x_wconf 83' lang='lat'>245)</span> <span class='ocrx_word' id='word_1_142' title='bbox 1277 1158 1489 1210; x_wconf 82' lang='lat' dir='ltr'><strong>quadrant:</strong></span> 
     </span>
     <span class='ocr_line' id='line_1_17' title="bbox 126 1223 1490 1280; baseline -0.004 -12"><span class='ocrx_word' id='word_1_143' title='bbox 126 1227 283 1280; x_wconf 85' lang='lat' dir='ltr'><strong>„Thcils</strong></span> <span class='ocrx_word' id='word_1_144' title='bbox 309 1229 414 1269; x_wconf 80' lang='lat' dir='ltr'><strong>fuhrt</strong></span> <span class='ocrx_word' id='word_1_145' title='bbox 440 1241 481 1270; x_wconf 92' lang='lat' dir='ltr'><strong>es</strong></span> <span class='ocrx_word' id='word_1_146' title='bbox 514 1230 627 1270; x_wconf 86' lang='lat' dir='ltr'><strong>einen</strong></span> <span class='ocrx_word' id='word_1_147' title='bbox 654 1228 882 1270; x_wconf 84' lang='lat' dir='ltr'><strong>Fortschritt</strong></span> <span class='ocrx_word' id='word_1_148' title='bbox 918 1228 987 1268; x_wconf 89' lang='lat' dir='ltr'><strong>der</strong></span> <span class='ocrx_word' id='word_1_149' title='bbox 1013 1227 1119 1267; x_wconf 87' lang='lat' dir='ltr'><strong>Rede</strong></span> <span class='ocrx_word' id='word_1_150' title='bbox 1146 1224 1394 1277; x_wconf 87' lang='lat' dir='ltr'><strong>(namentlich</strong></span> <span class='ocrx_word' id='word_1_151' title='bbox 1421 1223 1490 1264; x_wconf 87' lang='lat' dir='ltr'><strong>der</strong></span> 
     </span>
     <span class='ocr_line' id='line_1_18' title="bbox 123 1287 1490 1350; baseline -0.004 -18"><span class='ocrx_word' id='word_1_152' title='bbox 123 1293 322 1344; x_wconf 85' lang='lat' dir='ltr'><strong>logischen</strong></span> <span class='ocrx_word' id='word_1_153' title='bbox 336 1294 628 1350; x_wconf 82' lang='lat' dir='ltr'><strong>Entwicklung)</strong></span> <span class='ocrx_word' id='word_1_154' title='bbox 655 1295 741 1335; x_wconf 89' lang='lat' dir='ltr'><strong>eine</strong></span> <span class='ocrx_word' id='word_1_155' title='bbox 767 1305 865 1335; x_wconf 88' lang='lat' dir='ltr'><strong>neue</strong></span> <span class='ocrx_word' id='word_1_156' title='bbox 881 1293 1138 1345; x_wconf 84' lang='lat' dir='ltr'><strong>Behauptung</strong></span> <span class='ocrx_word' id='word_1_157' title='bbox 1165 1291 1227 1330; x_wconf 92' lang='lat' dir='ltr'><strong>ein</strong></span> <span class='ocrx_word' id='word_1_158' title='bbox 1256 1289 1335 1329; x_wconf 90' lang='lat' dir='ltr'><strong>und</strong></span> <span class='ocrx_word' id='word_1_159' title='bbox 1360 1287 1490 1328; x_wconf 89' lang='lat' dir='ltr'><strong>macht</strong></span> 
     </span>
     <span class='ocr_line' id='line_1_19' title="bbox 124 1359 938 1412; baseline 0.001 -12"><span class='ocrx_word' id='word_1_160' title='bbox 124 1370 167 1400; x_wconf 81' lang='lat' dir='ltr'><strong>es</strong></span> <span class='ocrx_word' id='word_1_161' title='bbox 192 1359 252 1400; x_wconf 83' lang='lat' dir='ltr'><strong>als</strong></span> <span class='ocrx_word' id='word_1_162' title='bbox 280 1364 402 1401; x_wconf 82' lang='lat' dir='ltr'><strong>etwas</strong></span> <span class='ocrx_word' id='word_1_163' title='bbox 428 1360 724 1402; x_wconf 87' lang='lat' dir='ltr'><strong>unbestrittenes</strong></span> <span class='ocrx_word' id='word_1_164' title='bbox 750 1359 938 1412; x_wconf 73' lang='lat' dir='ltr'><strong>geltend“</strong></span> 
     </span>
    </p>

    <p class='ocr_par' dir='ltr' id='par_1_4' title="bbox 124 1417 1495 2128">
     <span class='ocr_line' id='line_1_20' title="bbox 225 1417 1491 1478; baseline -0.003 -13"><span class='ocrx_word' id='word_1_165' title='bbox 225 1417 348 1466; x_wconf 83' lang='lat' dir='ltr'><strong>Paulo</strong></span> <span class='ocrx_word' id='word_1_166' title='bbox 374 1426 488 1466; x_wconf 83' lang='lat' dir='ltr'><strong>aliter</strong></span> <span class='ocrx_word' id='word_1_167' title='bbox 513 1439 574 1466; x_wconf 91' lang='lat' dir='ltr'><strong>res</strong></span> <span class='ocrx_word' id='word_1_168' title='bbox 600 1438 643 1467; x_wconf 93' lang='lat' dir='ltr'><strong>se</strong></span> <span class='ocrx_word' id='word_1_169' title='bbox 669 1426 787 1467; x_wconf 85' lang='lat' dir='ltr'><strong>habet</strong></span> <span class='ocrx_word' id='word_1_170' title='bbox 813 1427 854 1466; x_wconf 90' lang='lat' dir='ltr'><strong>in</strong></span> <span class='ocrx_word' id='word_1_171' title='bbox 881 1427 1028 1478; x_wconf 85' lang='lat' dir='ltr'><strong>verbis,</strong></span> <span class='ocrx_word' id='word_1_172' title='bbox 1069 1439 1169 1476; x_wconf 89' lang='lat' dir='ltr'><strong>quae</strong></span> <span class='ocrx_word' id='word_1_173' title='bbox 1193 1425 1373 1475; x_wconf 85' lang='lat' dir='ltr'><strong>leguntur</strong></span> <span class='ocrx_word' id='word_1_174' title='bbox 1398 1420 1440 1462; x_wconf 88' lang='lat' dir='ltr'><strong>in</strong></span> <span class='ocrx_word' id='word_1_175' title='bbox 1465 1419 1491 1471; x_wconf 64' lang='grc' dir='ltr'>ξ</span> 
     </span>
     <span class='ocr_line' id='line_1_21' title="bbox 127 1488 1493 1546; baseline -0.001 -18"><span class='ocrx_word' id='word_1_176' title='bbox 127 1489 173 1528; x_wconf 81' lang='grc'><strong>17</strong></span> <span class='ocrx_word' id='word_1_177' title='bbox 202 1489 316 1531; x_wconf 88' lang='lat' dir='ltr'><strong>huius</strong></span> <span class='ocrx_word' id='word_1_178' title='bbox 331 1493 528 1544; x_wconf 83' lang='lat' dir='ltr'><strong>orationis,</strong></span> <span class='ocrx_word' id='word_1_179' title='bbox 553 1494 618 1533; x_wconf 91' lang='lat' dir='ltr'><strong>ubi</strong></span> <span class='ocrx_word' id='word_1_180' title='bbox 646 1493 742 1533; x_wconf 84' lang='lat' dir='ltr'><strong>haec</strong></span> <span class='ocrx_word' id='word_1_181' title='bbox 758 1491 884 1546; x_wconf 84' lang='lat' dir='ltr'><strong>potius</strong></span> <span class='ocrx_word' id='word_1_182' title='bbox 897 1489 1154 1534; x_wconf 85' lang='lat' dir='ltr'><strong>Bacumleinii</strong></span> <span class='ocrx_word' id='word_1_183' title='bbox 1167 1492 1287 1531; x_wconf 82' lang='lat' dir='ltr'><strong>verba</strong></span> <span class='ocrx_word' id='word_1_184' title='bbox 1301 1488 1493 1540; x_wconf 78' lang='lat' dir='ltr'><strong>quadrare</strong></span> 
     </span>
     <span class='ocr_line' id='line_1_22' title="bbox 124 1550 1494 1610; baseline 0.001 -17"><span class='ocrx_word' id='word_1_185' title='bbox 124 1552 322 1595; x_wconf 84' lang='lat' dir='ltr'><strong>videntur:</strong></span> <span class='ocrx_word' id='word_1_186' title='bbox 369 1556 523 1609; x_wconf 81' lang='lat' dir='ltr'><strong>„Theils</strong></span> <span class='ocrx_word' id='word_1_187' title='bbox 563 1558 669 1598; x_wconf 90' lang='lat' dir='ltr'><strong>leitet</strong></span> <span class='ocrx_word' id='word_1_188' title='bbox 708 1571 750 1599; x_wconf 89' lang='lat' dir='ltr'><strong>es</strong></span> <span class='ocrx_word' id='word_1_189' title='bbox 784 1560 825 1598; x_wconf 90' lang='lat' dir='ltr'><strong>in</strong></span> <span class='ocrx_word' id='word_1_190' title='bbox 863 1558 1225 1610; x_wconf 82' lang='lat' dir='ltr'><strong>argumentationen</strong></span> <span class='ocrx_word' id='word_1_191' title='bbox 1261 1555 1349 1596; x_wconf 86' lang='lat' dir='ltr'><strong>dem</strong></span> <span class='ocrx_word' id='word_1_192' title='bbox 1376 1550 1494 1595; x_wconf 83' lang='lat' dir='ltr'><strong>beab-</strong></span> 
     </span>
     <span class='ocr_line' id='line_1_23' title="bbox 125 1617 1495 1674; baseline 0.001 -15"><span class='ocrx_word' id='word_1_193' title='bbox 125 1617 335 1672; x_wconf 83' lang='lat' dir='ltr'><strong>sichtigten</strong></span> <span class='ocrx_word' id='word_1_194' title='bbox 360 1622 519 1663; x_wconf 84' lang='lat' dir='ltr'><strong>Schluss</strong></span> <span class='ocrx_word' id='word_1_195' title='bbox 546 1624 773 1674; x_wconf 84' lang='lat' dir='ltr'><strong>entgcgen.“</strong></span> <span class='ocrx_word' id='word_1_196' title='bbox 843 1625 942 1665; x_wconf 85' lang='lat' dir='ltr'><strong>Nam</strong></span> <span class='ocrx_word' id='word_1_197' title='bbox 980 1625 1051 1665; x_wconf 86' lang='lat' dir='ltr'><strong>hoc</strong></span> <span class='ocrx_word' id='word_1_198' title='bbox 1085 1625 1170 1664; x_wconf 89' lang='lat' dir='ltr'><strong>loco</strong></span> <span class='ocrx_word' id='word_1_199' title='bbox 1195 1635 1285 1663; x_wconf 84' lang='lat' dir='ltr'><strong>reus</strong></span> <span class='ocrx_word' id='word_1_200' title='bbox 1311 1621 1495 1674; x_wconf 81' lang='lat' dir='ltr'><strong>queritur,</strong></span> 
     </span>
     <span class='ocr_line' id='line_1_24' title="bbox 125 1684 1495 1740; baseline 0.002 -15"><span class='ocrx_word' id='word_1_201' title='bbox 125 1684 228 1735; x_wconf 87' lang='lat' dir='ltr'><strong>quod</strong></span> <span class='ocrx_word' id='word_1_202' title='bbox 266 1686 416 1727; x_wconf 85' lang='lat' dir='ltr'><strong>vinctus</strong></span> <span class='ocrx_word' id='word_1_203' title='bbox 452 1688 503 1727; x_wconf 87' lang='lat' dir='ltr'><strong>sit</strong></span> <span class='ocrx_word' id='word_1_204' title='bbox 530 1692 663 1728; x_wconf 86' lang='lat' dir='ltr'><strong>contra</strong></span> <span class='ocrx_word' id='word_1_205' title='bbox 700 1689 826 1740; x_wconf 86' lang='lat' dir='ltr'><strong>leges,</strong></span> <span class='ocrx_word' id='word_1_206' title='bbox 868 1689 984 1740; x_wconf 89' lang='lat' dir='ltr'><strong>idque</strong></span> <span class='ocrx_word' id='word_1_207' title='bbox 1011 1690 1133 1729; x_wconf 85' lang='lat' dir='ltr'><strong>tribus</strong></span> <span class='ocrx_word' id='word_1_208' title='bbox 1170 1689 1407 1740; x_wconf 76' lang='lat' dir='ltr'><strong>argumentis</strong></span> <span class='ocrx_word' id='word_1_209' title='bbox 1439 1688 1495 1728; x_wconf 87' lang='lat' dir='ltr'><strong>ita</strong></span> 
     </span>
     <span class='ocr_line' id='line_1_25' title="bbox 125 1749 1494 1804; baseline 0.002 -15"><span class='ocrx_word' id='word_1_210' title='bbox 125 1749 378 1790; x_wconf 86' lang='lat' dir='ltr'><strong>demonstrat:</strong></span> <span class='ocrx_word' id='word_1_211' title='bbox 406 1751 527 1793; x_wconf 85' lang='lat' dir='ltr'><strong>vades</strong></span> <span class='ocrx_word' id='word_1_212' title='bbox 553 1752 646 1792; x_wconf 86' lang='lat' dir='ltr'><strong>darc</strong></span> <span class='ocrx_word' id='word_1_213' title='bbox 672 1751 798 1804; x_wconf 83' lang='lat' dir='ltr'><strong>volni3</strong></span> <span class='ocrx_word' id='word_1_214' title='bbox 825 1758 1035 1793; x_wconf 86' lang='lat' dir='ltr'><strong>ceterorum</strong></span> <span class='ocrx_word' id='word_1_215' title='bbox 1062 1754 1251 1794; x_wconf 86' lang='lat' dir='ltr'><strong>sociorum</strong></span> <span class='ocrx_word' id='word_1_216' title='bbox 1279 1754 1494 1804; x_wconf 85' lang='lat' dir='ltr'><strong>quicunque</strong></span> 
     </span>
     <span class='ocr_line' id='line_1_26' title="bbox 126 1814 1495 1869; baseline 0.001 -15"><span class='ocrx_word' id='word_1_217' title='bbox 126 1814 247 1855; x_wconf 79' lang='lat' dir='ltr'><strong>vades</strong></span> <span class='ocrx_word' id='word_1_218' title='bbox 273 1815 401 1868; x_wconf 85' lang='lat' dir='ltr'><strong>dedit,</strong></span> <span class='ocrx_word' id='word_1_219' title='bbox 428 1829 540 1857; x_wconf 88' lang='lat' dir='ltr'><strong>nemo</strong></span> <span class='ocrx_word' id='word_1_220' title='bbox 571 1830 739 1868; x_wconf 89' lang='lat' dir='ltr'><strong>uuquam</strong></span> <span class='ocrx_word' id='word_1_221' title='bbox 765 1819 917 1858; x_wconf 86' lang='lat' dir='ltr'><strong>vinctus</strong></span> <span class='ocrx_word' id='word_1_222' title='bbox 944 1824 1021 1869; x_wconf 71' lang='lat' dir='ltr'><strong>cstt,</strong></span> <span class='ocrx_word' id='word_1_223' title='bbox 1063 1819 1199 1858; x_wconf 84' lang='lat' dir='ltr'><strong>eadem</strong></span> <span class='ocrx_word' id='word_1_224' title='bbox 1226 1819 1314 1868; x_wconf 86' lang='lat' dir='ltr'><strong>lege</strong></span> <span class='ocrx_word' id='word_1_225' title='bbox 1340 1821 1495 1857; x_wconf 90' lang='lat' dir='ltr'><strong>utuntur</strong></span> 
     </span>
     <span class='ocr_line' id='line_1_27' title="bbox 125 1880 1491 1934; baseline 0 -14"><span class='ocrx_word' id='word_1_226' title='bbox 125 1880 166 1919; x_wconf 89' lang='lat' dir='ltr'><strong>hi</strong></span> <span class='ocrx_word' id='word_1_227' title='bbox 187 1880 351 1933; x_wconf 85' lang='lat' dir='ltr'><strong>judices,</strong></span> <span class='ocrx_word' id='word_1_228' title='bbox 377 1881 480 1933; x_wconf 91' lang='lat' dir='ltr'><strong>quod</strong></span> <span class='ocrx_word' id='word_1_229' title='bbox 505 1882 659 1923; x_wconf 85' lang='lat' dir='ltr'><strong>tertium</strong></span> <span class='ocrx_word' id='word_1_230' title='bbox 686 1887 954 1934; x_wconf 86' lang='lat' dir='ltr'><strong>argumentum</strong></span> <span class='ocrx_word' id='word_1_231' title='bbox 982 1883 1042 1923; x_wconf 89' lang='lat' dir='ltr'><strong>his</strong></span> <span class='ocrx_word' id='word_1_232' title='bbox 1069 1884 1197 1924; x_wconf 88' lang='lat' dir='ltr'><strong>verbis</strong></span> <span class='ocrx_word' id='word_1_233' title='bbox 1233 1883 1347 1922; x_wconf 82' lang='lat' dir='ltr'><strong>affert</strong></span> <span class='ocrx_word' id='word_1_234' title='bbox 1372 1882 1418 1932; x_wconf 90' lang='lat' dir='ltr'><strong>V,</strong></span> <span class='ocrx_word' id='word_1_235' title='bbox 1445 1881 1491 1920; x_wconf 80' lang='lat'><strong>17</strong></span> 
     </span>
     <span class='ocr_line' id='line_1_28' title="bbox 125 1945 1493 2000; baseline 0 -16"><span class='ocrx_word' id='word_1_236' title='bbox 125 1947 246 1985; x_wconf 70' lang='grc' dir='ltr'><strong><em>καίτοι</em></strong></span> <span class='ocrx_word' id='word_1_237' title='bbox 279 1945 317 1985; x_wconf 77' lang='grc' dir='ltr'><strong>οἳ</strong></span> <span class='ocrx_word' id='word_1_238' title='bbox 350 1946 571 1999; x_wconf 75' lang='grc' dir='ltr'><strong><em>ἐπιμεληταὶ</em></strong></span> <span class='ocrx_word' id='word_1_239' title='bbox 605 1950 680 1986; x_wconf 79' lang='grc' dir='ltr'><strong>τῶν</strong></span> <span class='ocrx_word' id='word_1_240' title='bbox 713 1949 937 1998; x_wconf 74' lang='grc' dir='ltr'><strong><em>κακούργων</em></strong></span> <span class='ocrx_word' id='word_1_241' title='bbox 965 1951 1017 2000; x_wconf 76' lang='grc' dir='ltr'><strong>τῷ</strong></span> <span class='ocrx_word' id='word_1_242' title='bbox 1052 1947 1156 2000; x_wconf 71' lang='grc' dir='ltr'><strong>αὐτῷ</strong></span> <span class='ocrx_word' id='word_1_243' title='bbox 1185 1950 1351 1997; x_wconf 73' lang='grc' dir='ltr'><strong><em>χρῶνται</em></strong></span> <span class='ocrx_word' id='word_1_244' title='bbox 1386 1945 1493 1997; x_wconf 76' lang='grc' dir='ltr'>νόμῳ</span> 
     </span>
     <span class='ocr_line' id='line_1_29' title="bbox 124 2011 1495 2067; baseline 0.001 -18"><span class='ocrx_word' id='word_1_245' title='bbox 124 2013 241 2064; x_wconf 72' lang='grc' dir='ltr'><strong><em>τούτῳ</em></strong></span> <span class='ocrx_word' id='word_1_246' title='bbox 254 2042 263 2060; x_wconf 86' lang='grc'><em>,</em></span> <span class='ocrx_word' id='word_1_247' title='bbox 303 2012 395 2051; x_wconf 60' lang='grc' dir='ltr'><strong>ὥστε</strong></span> <span class='ocrx_word' id='word_1_248' title='bbox 421 2025 503 2064; x_wconf 85' lang='lat' dir='ltr'><strong>sqq.</strong></span> <span class='ocrx_word' id='word_1_249' title='bbox 555 2013 651 2053; x_wconf 85' lang='lat' dir='ltr'><strong>Cum</strong></span> <span class='ocrx_word' id='word_1_250' title='bbox 690 2013 762 2053; x_wconf 90' lang='lat' dir='ltr'><strong>hoc</strong></span> <span class='ocrx_word' id='word_1_251' title='bbox 789 2014 965 2067; x_wconf 80' lang='lat' dir='ltr'><strong>exemplo</strong></span> <span class='ocrx_word' id='word_1_252' title='bbox 999 2013 1163 2054; x_wconf 86' lang='lat' dir='ltr'><strong>conferri</strong></span> <span class='ocrx_word' id='word_1_253' title='bbox 1189 2015 1351 2067; x_wconf 79' lang='lat' dir='ltr'><strong>possunt</strong></span> <span class='ocrx_word' id='word_1_254' title='bbox 1375 2011 1495 2052; x_wconf 84' lang='lat' dir='ltr'><strong>verba</strong></span> 
     </span>
     <span class='ocr_line' id='line_1_30' title="bbox 125 2074 261 2128; baseline 0.015 -12"><span class='ocrx_word' id='word_1_255' title='bbox 125 2076 171 2128; x_wconf 90' lang='lat' dir='ltr'><strong>V,</strong></span> <span class='ocrx_word' id='word_1_256' title='bbox 197 2074 261 2118; x_wconf 84' lang='lat'><strong>55.</strong></span> 
     </span>
    </p>

    <p class='ocr_par' dir='ltr' id='par_1_5' title="bbox 126 2143 1495 2390">
     <span class='ocr_line' id='line_1_31' title="bbox 229 2143 1495 2196; baseline -0.002 -13"><span class='ocrx_word' id='word_1_257' title='bbox 229 2143 289 2183; x_wconf 89' lang='lat' dir='ltr'><strong>Dc</strong></span> <span class='ocrx_word' id='word_1_258' title='bbox 317 2144 445 2184; x_wconf 87' lang='lat' dir='ltr'><strong>verbis</strong></span> <span class='ocrx_word' id='word_1_259' title='bbox 473 2144 648 2195; x_wconf 87' lang='lat' dir='ltr'><strong>denique,</strong></span> <span class='ocrx_word' id='word_1_260' title='bbox 674 2157 773 2195; x_wconf 87' lang='lat' dir='ltr'><strong>quae</strong></span> <span class='ocrx_word' id='word_1_261' title='bbox 801 2146 981 2196; x_wconf 84' lang='lat' dir='ltr'><strong>leguntur</strong></span> <span class='ocrx_word' id='word_1_262' title='bbox 1005 2147 1047 2186; x_wconf 91' lang='lat' dir='ltr'><strong>in</strong></span> <span class='ocrx_word' id='word_1_263' title='bbox 1074 2159 1127 2186; x_wconf 87' lang='lat' dir='ltr'><strong>or.</strong></span> <span class='ocrx_word' id='word_1_264' title='bbox 1155 2147 1199 2186; x_wconf 90' lang='lat' dir='ltr'><strong>V.</strong></span> <span class='ocrx_word' id='word_1_265' title='bbox 1224 2148 1249 2196; x_wconf 66' lang='grc' dir='ltr'>ξ</span> <span class='ocrx_word' id='word_1_266' title='bbox 1276 2146 1347 2186; x_wconf 85' lang='lat'><strong>91:</strong></span> <span class='ocrx_word' id='word_1_267' title='bbox 1374 2146 1495 2182; x_wconf 69' lang='lat' dir='ltr'><strong>xoehm</strong></span> 
     </span>
     <span class='ocr_line' id='line_1_32' title="bbox 126 2208 1493 2261; baseline 0.001 -15"><span class='ocrx_word' id='word_1_268' title='bbox 126 2208 234 2247; x_wconf 74' lang='grc' dir='ltr'><em>οὔπω</em></span> <span class='ocrx_word' id='word_1_269' title='bbox 262 2215 339 2254; x_wconf 66' lang='grc' dir='ltr'><strong>τοῖς</strong></span> <span class='ocrx_word' id='word_1_270' title='bbox 365 2208 643 2261; x_wconf 69' lang='grc' dir='ltr'><strong>ἐξαῃατηθετσι</strong></span> <span class='ocrx_word' id='word_1_271' title='bbox 671 2209 940 2260; x_wconf 74' lang='grc' dir='ltr'><strong>μετεμέλησεν,</strong></span> <span class='ocrx_word' id='word_1_272' title='bbox 979 2211 1014 2248; x_wconf 75' lang='grc' dir='ltr'><strong>εἰ</strong></span> <span class='ocrx_word' id='word_1_273' title='bbox 1041 2214 1105 2248; x_wconf 77' lang='grc' dir='ltr'><strong>καὶ</strong></span> <span class='ocrx_word' id='word_1_274' title='bbox 1130 2211 1181 2261; x_wconf 78' lang='grc' dir='ltr'><strong>μὴ</strong></span> <span class='ocrx_word' id='word_1_275' title='bbox 1209 2209 1315 2248; x_wconf 76' lang='grc' dir='ltr'>πάνυ</span> <span class='ocrx_word' id='word_1_276' title='bbox 1350 2224 1383 2247; x_wconf 81' lang='grc' dir='ltr'><strong>τι</strong></span> <span class='ocrx_word' id='word_1_277' title='bbox 1409 2208 1493 2258; x_wconf 75' lang='grc' dir='ltr'><strong>χρή,</strong></span> 
     </span>
     <span class='ocr_line' id='line_1_33' title="bbox 126 2271 1494 2327; baseline 0.001 -16"><span class='ocrx_word' id='word_1_278' title='bbox 126 2271 215 2319; x_wconf 71' lang='grc' dir='ltr'><strong>τούς</strong></span> <span class='ocrx_word' id='word_1_279' title='bbox 239 2288 283 2321; x_wconf 71' lang='grc' dir='ltr'><strong>γε</strong></span> <span class='ocrx_word' id='word_1_280' title='bbox 316 2274 589 2320; x_wconf 69' lang='grc' dir='ltr'><strong><em>ἐξαπατῶντας</em></strong></span> <span class='ocrx_word' id='word_1_281' title='bbox 623 2272 927 2321; x_wconf 72' lang='grc' dir='ltr'><strong><em>ἀπολελυκέναι,</em></strong></span> <span class='ocrx_word' id='word_1_282' title='bbox 966 2276 1161 2327; x_wconf 85' lang='lat' dir='ltr'><strong>copiosius</strong></span> <span class='ocrx_word' id='word_1_283' title='bbox 1195 2275 1276 2325; x_wconf 84' lang='lat' dir='ltr'><strong>egit</strong></span> <span class='ocrx_word' id='word_1_284' title='bbox 1299 2274 1494 2325; x_wconf 84' lang='lat' dir='ltr'><strong>Sauppius</strong></span> 
     </span>
     <span class='ocr_line' id='line_1_34' title="bbox 126 2337 1313 2390; baseline -0.001 -12"><span class='ocrx_word' id='word_1_285' title='bbox 126 2337 222 2390; x_wconf 90' lang='lat' dir='ltr'><strong>(ind.</strong></span> <span class='ocrx_word' id='word_1_286' title='bbox 248 2339 364 2380; x_wconf 85' lang='lat' dir='ltr'><strong>schol.</strong></span> <span class='ocrx_word' id='word_1_287' title='bbox 392 2352 430 2390; x_wconf 85' lang='lat' dir='ltr'><strong>p.</strong></span> <span class='ocrx_word' id='word_1_288' title='bbox 459 2340 506 2378; x_wconf 94' lang='grc'><strong>11</strong></span> <span class='ocrx_word' id='word_1_289' title='bbox 534 2339 621 2390; x_wconf 89' lang='lat' dir='ltr'><strong>sq.),</strong></span> <span class='ocrx_word' id='word_1_290' title='bbox 648 2340 710 2379; x_wconf 90' lang='lat' dir='ltr'><strong>cui</strong></span> <span class='ocrx_word' id='word_1_291' title='bbox 738 2339 834 2380; x_wconf 85' lang='lat' dir='ltr'><strong>haec</strong></span> <span class='ocrx_word' id='word_1_292' title='bbox 860 2341 936 2381; x_wconf 89' lang='lat' dir='ltr'><strong>loci</strong></span> <span class='ocrx_word' id='word_1_293' title='bbox 961 2342 1114 2381; x_wconf 83' lang='lat' dir='ltr'><strong>sanatio</strong></span> <span class='ocrx_word' id='word_1_294' title='bbox 1141 2340 1313 2379; x_wconf 85' lang='lat' dir='ltr'><strong>debetur.</strong></span> 
     </span>
    </p>
   </div>
   <div class='ocr_carea' id='block_1_3' title="bbox 125 2454 1497 2704">
    <p class='ocr_par' dir='ltr' id='par_1_6' title="bbox 125 2454 1497 2636">
     <span class='ocr_line' id='line_1_35' title="bbox 228 2454 1495 2507; baseline -0.003 -11"><span class='ocrx_word' id='word_1_295' title='bbox 228 2456 425 2496; x_wconf 87' lang='lat' dir='ltr'><strong>Particula</strong></span> <span class='ocrx_word' id='word_1_296' title='bbox 450 2457 579 2504; x_wconf 63' lang='grc' dir='ltr'><strong><em>μέντοι</em></strong></span> <span class='ocrx_word' id='word_1_297' title='bbox 604 2455 724 2496; x_wconf 88' lang='lat' dir='ltr'><strong>multo</strong></span> <span class='ocrx_word' id='word_1_298' title='bbox 750 2457 876 2497; x_wconf 80' lang='lat' dir='ltr'><strong>rarius</strong></span> <span class='ocrx_word' id='word_1_299' title='bbox 902 2457 1063 2507; x_wconf 83' lang='lat' dir='ltr'><strong>legitur,</strong></span> <span class='ocrx_word' id='word_1_300' title='bbox 1099 2469 1187 2496; x_wconf 89' lang='lat' dir='ltr'><strong>nam</strong></span> <span class='ocrx_word' id='word_1_301' title='bbox 1213 2457 1254 2494; x_wconf 91' lang='lat' dir='ltr'><strong>in</strong></span> <span class='ocrx_word' id='word_1_302' title='bbox 1279 2454 1495 2504; x_wconf 85' lang='lat' dir='ltr'><strong>tetralogiis</strong></span> 
     </span>
     <span class='ocr_line' id='line_1_36' title="bbox 126 2518 1497 2572; baseline -0.001 -11"><span class='ocrx_word' id='word_1_303' title='bbox 126 2524 165 2561; x_wconf 81' lang='lat' dir='ltr'><strong>et</strong></span> <span class='ocrx_word' id='word_1_304' title='bbox 188 2521 231 2561; x_wconf 91' lang='lat' dir='ltr'><strong>in</strong></span> <span class='ocrx_word' id='word_1_305' title='bbox 257 2533 313 2561; x_wconf 90' lang='lat' dir='ltr'><strong>or.</strong></span> <span class='ocrx_word' id='word_1_306' title='bbox 339 2520 370 2560; x_wconf 90' lang='grc' dir='ltr'><strong>Ι.</strong></span> <span class='ocrx_word' id='word_1_307' title='bbox 397 2519 553 2560; x_wconf 90' lang='lat' dir='ltr'><strong>omnino</strong></span> <span class='ocrx_word' id='word_1_308' title='bbox 579 2532 657 2560; x_wconf 92' lang='lat' dir='ltr'><strong>non</strong></span> <span class='ocrx_word' id='word_1_309' title='bbox 685 2527 871 2572; x_wconf 86' lang='lat' dir='ltr'><strong>usurpata</strong></span> <span class='ocrx_word' id='word_1_310' title='bbox 897 2525 955 2562; x_wconf 88' lang='lat' dir='ltr'><strong>est</strong></span> <span class='ocrx_word' id='word_1_311' title='bbox 981 2525 1019 2561; x_wconf 92' lang='lat' dir='ltr'><strong>et</strong></span> <span class='ocrx_word' id='word_1_312' title='bbox 1044 2521 1084 2560; x_wconf 91' lang='lat' dir='ltr'><strong>in</strong></span> <span class='ocrx_word' id='word_1_313' title='bbox 1111 2532 1164 2560; x_wconf 89' lang='lat' dir='ltr'><strong>or.</strong></span> <span class='ocrx_word' id='word_1_314' title='bbox 1180 2519 1224 2558; x_wconf 90' lang='lat' dir='ltr'><strong>V.</strong></span> <span class='ocrx_word' id='word_1_315' title='bbox 1251 2522 1290 2559; x_wconf 92' lang='lat' dir='ltr'><strong>et</strong></span> <span class='ocrx_word' id='word_1_316' title='bbox 1302 2518 1366 2559; x_wconf 87' lang='lat' dir='ltr'><strong>vl.</strong></span> <span class='ocrx_word' id='word_1_317' title='bbox 1391 2519 1497 2560; x_wconf 83' lang='lat' dir='ltr'><strong>trina</strong></span> 
     </span>
     <span class='ocr_line' id='line_1_37' title="bbox 125 2577 670 2636; baseline -0.006 -9"><span class='ocrx_word' id='word_1_318' title='bbox 125 2577 275 2630; x_wconf 74' lang='lat' dir='ltr'><strong>tautum</strong></span> <span class='ocrx_word' id='word_1_319' title='bbox 300 2585 480 2636; x_wconf 80' lang='lat' dir='ltr'><strong>exempla</strong></span> <span class='ocrx_word' id='word_1_320' title='bbox 506 2588 670 2629; x_wconf 84' lang='lat' dir='ltr'><strong>exstant.</strong></span> 
     </span>
    </p>

    <p class='ocr_par' dir='ltr' id='par_1_7' title="bbox 231 2649 1497 2704">
     <span class='ocr_line' id='line_1_38' title="bbox 231 2649 1497 2704; baseline 0.002 -14"><span class='ocrx_word' id='word_1_321' title='bbox 231 2649 357 2702; x_wconf 78' lang='lat' dir='ltr'><strong>A‘tquc</strong></span> <span class='ocrx_word' id='word_1_322' title='bbox 383 2649 550 2689; x_wconf 83' lang='lat' dir='ltr'><strong>maxime</strong></span> <span class='ocrx_word' id='word_1_323' title='bbox 578 2650 790 2702; x_wconf 85' lang='lat' dir='ltr'><strong>particulae</strong></span> <span class='ocrx_word' id='word_1_324' title='bbox 815 2649 943 2701; x_wconf 73' lang='grc' dir='ltr'><strong><em>μένιαι</em></strong></span> <span class='ocrx_word' id='word_1_325' title='bbox 973 2650 1031 2691; x_wconf 86' lang='lat' dir='ltr'><strong>vis</strong></span> <span class='ocrx_word' id='word_1_326' title='bbox 1048 2649 1255 2704; x_wconf 85' lang='lat' dir='ltr'><strong>perspicua</strong></span> <span class='ocrx_word' id='word_1_327' title='bbox 1281 2650 1324 2690; x_wconf 86' lang='lat' dir='ltr'><strong>fit</strong></span> <span class='ocrx_word' id='word_1_328' title='bbox 1349 2663 1399 2691; x_wconf 83' lang='lat' dir='ltr'><strong>ex</strong></span> <span class='ocrx_word' id='word_1_329' title='bbox 1425 2650 1497 2693; x_wconf 81' lang='lat' dir='ltr'><strong>hoc</strong></span> 
     </span>
    </p>
   </div>
  </div>
 </body>
</html>
