1695 2931
812 146 862 185 41

155 252 202 302 V,
228 251 280 291 38
306 249 416 289 αὐτοὶ
445 250 494 301 δὴ
522 249 666 294 τούτοις
691 249 947 299 ἰσχυροτάτας
964 250 1018 295 εἰς
1039 250 1085 288 τὰ
1113 249 1321 299 πράγματα
1347 248 1525 297 ἐχρῶντο,

154 328 254 368 quae
280 317 399 356 verba
412 315 644 367 Spengelins
661 315 802 354 mutari
823 315 934 366 jubet
958 316 999 354 in
1019 314 1148 360 αὐτοῖς
1174 316 1224 353 ἄν
1240 315 1397 359 τούτοις.
1448 311 1527 353 Sed

154 392 386 433 quamquam
426 378 714 420 concedendum
754 383 830 428 est,
876 380 1105 431 particulam
1146 380 1196 418 ἄν
1240 381 1280 420 in
1327 379 1524 420 codicibus

153 446 301 496 deesse,
327 445 431 495 quod
456 445 533 484 iam
553 445 748 496 Sauppins
774 444 814 484 in
834 444 1002 484 editione
1018 446 1128 484 Turr.
1154 446 1365 492 adnotavit,
1393 450 1523 484 tamen

151 510 379 563 particulam
405 509 454 560 δή
478 509 712 549 servandam
730 521 816 548 esse
830 509 1090 549 demonstrare
1116 510 1293 549 videntur
1320 523 1367 548 ea
1394 510 1524 562 verba,

151 587 251 628 quac
277 576 339 615 his
364 576 491 616 verbis
517 575 774 627 respondent:
802 574 887 624 ἐμοὶ
913 574 962 625 δή
989 587 1065 612 που
1092 575 1187 613 κατὰ
1213 575 1354 613 τούτων
1380 588 1460 626 sqq.

252 643 351 681 Tum
377 642 561 694 legimus:
589 641 654 691 VI,
677 642 729 680 34
755 643 798 694 τῇ
824 644 924 692 τρίτῃ
953 639 1075 689 ἡμέρᾳ
1102 637 1339 692 ᾖέξεφέρεω
1366 640 1386 676 ὁ
1417 647 1522 685 παῖς,

149 705 262 759 ταύτῃ
304 705 351 756 δὴ
391 706 636 755 πεπεισμένοι
673 704 771 756 ἦσαν
810 717 891 756 sqq.
964 704 1060 745 Cum
1100 705 1158 744 his
1199 706 1328 745 verbis
1368 705 1522 746 confero

150 772 322 811 eiusdem
361 771 548 810 orationis
588 771 713 810 locum
752 773 776 819 ξ
802 772 852 808 41
882 774 947 807 καὶ
982 774 1134 817 πρῶτον
1175 771 1201 806 ἃ·
1236 773 1304 810 τοῦ
1336 770 1524 816 βασιλέως

146 837 395 885 κατηγοροῦσι
422 837 488 872 καὶ
514 834 581 873 διὰ
608 835 675 886 τὴν
700 835 797 885 ἐμήν
822 834 995 884 σπουδὴν
1020 835 1068 873 οὔ
1090 846 1212 884 φασιν
1231 834 1385 872 ἐθέλειν
1410 833 1524 875 αὐτὸν

148 899 457 950 ἀπογράφεσθαι
492 901 559 951 τὴν
594 900 721 951 δίκην,
765 902 873 939 τοῦτο
908 901 951 938 δὲ
988 899 1066 938 κατ’
1092 899 1219 938 αὐτῶν
1251 893 1393 937 τούτων
1419 900 1523 938 ἔσται

147 963 356 1015 τεκμήριον.
413 965 479 1004 Sic
501 966 684 1017 scriptum
712 970 770 1005 est
795 966 836 1004 in
863 965 1071 1004 codicibus.
1111 964 1189 1004 Sed
1214 964 1411 1003 consentio
1438 975 1523 1002 cum

148 1028 323 1080 Baitero,
362 1029 428 1079 qui
466 1029 695 1081 particulam
720 1028 766 1067 δέ
792 1033 878 1082 post
913 1032 1021 1067 τοῦτο
1060 1029 1200 1068 mutari
1233 1028 1344 1080 jubet
1383 1028 1424 1067 iu
1462 1027 1523 1079 δή.

146 1094 256 1142 Quae
295 1094 516 1146 conjectura
555 1095 672 1134 etiam
710 1095 823 1135 tertio
859 1095 970 1134 buius
1009 1095 1192 1133 orationis
1229 1094 1312 1133 loco
1348 1093 1522 1133 firmatur

147 1161 171 1208 ἓ
197 1160 249 1199 38
276 1159 410 1210 ἐπειδὴ
438 1159 482 1197 δὲ
520 1159 652 1204 αιῗτοτς
680 1159 700 1197 ὅ
734 1160 915 1208 βασιλεῦς
940 1174 978 1197 τε
1004 1159 1145 1208 νόμους
1171 1158 1341 1209 ἀνέγνω,
1376 1160 1443 1196 καί
1469 1181 1519 1187 -

145 1246 195 1252 —-
221 1226 304 1262 τότε
331 1223 378 1274 δὴ
406 1225 627 1273 προσιόντες
651 1236 733 1274 sqq.

246 1289 413 1328 Restant
427 1290 547 1329 verba
573 1290 619 1338 V,
648 1290 700 1329 90
726 1289 845 1335 ἔξεστι
872 1289 927 1326 ὅτι
954 1289 1001 1339 δή
1027 1289 1218 1335 βούλεσθε
1245 1289 1310 1340 (cf.
1323 1289 1519 1340 Sauppius

144 1353 224 1392 ind.
251 1353 371 1392 schol.
396 1366 433 1404 p.
463 1353 541 1406 13).

247 1418 294 1457 In
328 1418 525 1459 codicibus
564 1418 729 1470 denique
773 1420 926 1471 optimis
964 1419 1128 1471 legimus
1164 1420 1216 1469 V,
1258 1420 1309 1458 49
1346 1424 1519 1457 aaronem

143 1483 192 1533 δή
218 1484 275 1535 (in
303 1484 444 1534 ABN);
471 1488 601 1524 tamen
637 1485 864 1536 particulam
892 1484 942 1535 δή
969 1485 1060 1524 ferri
1087 1497 1163 1523 non
1199 1496 1314 1535 posse
1340 1483 1519 1523 viderunt

141 1560 275 1590 omnes
300 1549 490 1602 editores;
526 1562 616 1590 nam
654 1550 739 1603 ipso
776 1550 843 1591 illo
878 1550 1106 1603 imperativo
1132 1550 1271 1590 transit
1302 1553 1431 1591 orator
1465 1548 1518 1590 ad

140 1627 283 1654 novam
310 1617 495 1655 orationis
521 1620 683 1667 partem,
711 1628 831 1670 quare
857 1616 1050 1666 particula
1076 1614 1125 1665 δή
1151 1614 1402 1654 desideratur.

244 1679 385 1719 Omnia
411 1681 611 1732 exempla,
640 1693 752 1732 quac
777 1681 911 1731 attuli,
947 1681 1195 1720 inveniuntur
1231 1680 1273 1718 in
1300 1679 1516 1718 enunciatis

138 1745 403 1796 affirmativis3
444 1746 484 1785 in
521 1746 737 1785 enunciatis
775 1746 969 1796 negativis
1007 1746 1092 1785 sola
1127 1745 1318 1796 particula
1354 1743 1405 1794 δή
1438 1756 1515 1783 uno

138 1810 235 1862 loco,
263 1810 311 1849 de
338 1822 413 1861 quo
440 1814 577 1861 postea
603 1810 797 1861 agendum
825 1810 908 1861 erit,
935 1811 1135 1862 reperitur,
1160 1813 1362 1861 praeterea
1388 1812 1517 1849 autem

137 1879 205 1915 aut
230 1874 327 1925 δῆτα
355 1879 423 1915 aut
449 1872 502 1924 δή
519 1889 595 1913 που
621 1881 841 1927 usurpatur.
896 1878 1022 1925 Atque
1049 1876 1211 1927 primum
1237 1876 1392 1925 quidem
1419 1874 1515 1926 δῆτα

135 1940 330 1979 invenitur
366 1940 421 1991 V,
460 1941 533 1979 63:
571 1938 618 1978 οὐ
645 1940 761 1991 δῆτα,
800 1941 939 1990 quibus
975 1941 1104 1980 verbis
1146 1941 1223 1980 sibi
1261 1939 1516 1991 interroganti

136 2008 265 2045 orator
299 2005 523 2057 respondet,
564 2006 820 2057 (germanicffl
861 2018 961 2056 ganz
1000 2006 1080 2045 und
1119 2018 1192 2056 gar
1223 2005 1358 2057 nicht).
1415 2006 1514 2045 Tum

133 2069 298 2119 legimus
325 2070 391 2120 VI,
419 2070 487 2110 15:
524 2069 571 2110 οὗ
597 2070 693 2121 δῆτα
719 2071 854 2118 ἔγωγε,
882 2072 1022 2121 quibus
1048 2071 1178 2110 verbis
1205 2071 1380 2121 negatio,
1414 2081 1514 2120 quae

132 2135 212 2174 iam
245 2135 288 2174 in
322 2135 451 2174 verbis
477 2135 793 2175 antecedentibus
829 2137 1063 2186 continetur,
1103 2148 1251 2174 summa
1278 2136 1318 2173 vi
1343 2135 1514 2173 iteratur.

132 2199 180 2239 In
205 2199 423 2251 tetralogiis
449 2203 489 2240 et
522 2200 562 2239 in
590 2213 643 2240 or.
668 2200 698 2240 1.
724 2200 825 2240 hanc
851 2201 1078 2253 particulam
1107 2213 1183 2241 non
1209 2200 1393 2252 inveniri,
1432 2200 1511 2240 iam

117 2264 250 2317 'supra
274 2266 663 2305 commemoravimus.

235 2329 469 2370 Particulam
495 2328 653 2381 δήπου,
691 2329 754 2370 vel
792 2329 920 2381 potius
956 2329 1180 2381 conjunctas
1219 2328 1428 2380 particulas
1462 2327 1513 2380 δή

131 2407 207 2433 που
233 2396 275 2435 in
302 2395 518 2435 enunciatis
545 2394 740 2445 negativis
765 2394 940 2443 legimus.
994 2394 1039 2443 V,
1068 2395 1139 2444 85;
1166 2395 1238 2443 243
1265 2395 1331 2445 VI,
1355 2396 1418 2433 42.

232 2460 309 2500 Ter
321 2460 534 2512 particulae
548 2458 596 2500 οὐ
614 2458 688 2509 γὰρ
702 2456 752 2509 δή
773 2470 850 2495 που
863 2458 1157 2510 conjunguntur.
1176 2459 1289 2510 1,28;
1303 2459 1349 2510 V,
1364 2460 1436 2511 433
1450 2459 1514 2500 63.

233 2527 280 2566 In
307 2539 360 2567 or.
386 2526 454 2579 VI,
484 2528 534 2567 10
552 2541 684 2569 omnes
703 2531 855 2571 codices
882 2531 921 2567 et
939 2538 1071 2567 omnes
1090 2526 1280 2567 editiones
1301 2528 1511 2579 praebent:

133 2591 219 2629 οὔτε
244 2592 319 2642 γὰρ
347 2591 395 2642 δὴ
421 2590 469 2631 οὔ
494 2592 516 2643 ἧ
545 2593 658 2639 πόλις
676 2595 895 2645 ἐλάμβανεν
921 2596 973 2633 ἄν
1000 2594 1110 2646 δίκην
1131 2595 1168 2631 εἴ
1190 2608 1224 2631 τι
1248 2591 1402 2645 ἤδίκηω
1429 2605 1511 2644 sqq.

132 2677 178 2682 -
218 2655 304 2694 οὔτε
344 2655 444 2703 ὅστις
471 2680 522 2688 —-
558 2661 755 2699 πιστεῦσαι
785 2659 835 2712 δή
863 2674 939 2700 που
966 2658 1070 2714 αὐτῷ
1097 2658 1309 2712 οἷξιαίιερόν
1345 2658 1448 2697 ἐστιν
1487 2659 1512 2709 ἢ
