1695 2931
845 138 899 180 42

179 246 380 300 α’πισῆσαι.
450 251 530 292 Sed
566 264 639 306 ego
679 264 757 292 non
797 250 949 302 dubito,
984 250 1102 290 etiam
1141 249 1182 289 in
1217 249 1348 301 priore
1386 248 1558 290 membro

178 314 424 356 scribendum
453 329 538 357 esse
566 316 616 369 δή
650 329 727 356 που
762 329 832 369 pro
873 316 1046 356 codicum
1073 314 1238 355 lectione
1276 312 1337 365 δή.
1388 313 1559 354 Primum

176 381 280 419 enim
306 381 469 420 alterum
505 383 740 433 membrum,
777 382 880 432 quod
917 382 1036 433 priori
1079 380 1306 431 respondet,
1346 379 1557 430 particulas

178 439 229 494 δή
249 457 326 482 που
352 447 523 497 praebet,
551 452 631 486 tum
659 452 788 486 cetera
814 446 1021 486 enunciata
1047 444 1235 495 negativa
1255 443 1386 483 amnia
1413 441 1460 493 δή
1482 455 1560 482 που

177 509 404 563 ostendunt,
439 511 605 562 denique
640 512 826 552 facillime
859 511 1113 563 intelligitur,
1148 507 1339 560 quomodo
1365 508 1559 561 particula

178 588 254 614 που
281 579 372 616 ante
399 589 534 617 vocem
563 572 609 617 οὗ
634 576 813 618 excidere
839 577 1018 629 potuerit.

281 641 328 680 In
356 642 572 683 enunciatis
590 642 836 683 affirmativis
863 641 913 694 δή
937 654 1015 681 που
1041 654 1119 682 non
1145 640 1342 682 invenitur
1367 639 1444 680 nisi
1470 642 1560 691 post

177 717 385 757 pronomen
415 708 619 759 personale
654 709 801 760 primae
836 720 1036 760 personae.
1072 707 1103 754 1,
1133 707 1203 758 113
1241 706 1288 757 V,
1314 706 1390 756 383
1427 704 1494 756 VI,
1521 705 1560 745 4.

281 769 479 813 Particula
494 770 629 824 ἐπειδή
644 772 686 813 in
708 772 925 825 tetralogiis
950 785 1027 814 non
1051 776 1188 813 exstat.
1239 772 1287 811 In
1314 783 1368 811 or.
1381 771 1413 811 I.
1426 773 1556 810 autem

175 837 304 877 sexies
331 839 530 889 reperitur.
578 840 608 890 Ι,
640 841 710 889 11;
740 840 809 890 15;
839 840 886 879 17
915 839 1011 892 (bis)
1041 840 1112 890 183
1140 837 1204 879 20.

281 902 469 942 Omnibus
496 903 592 943 locis
619 903 851 954 significatio
878 903 1101 956 temporalis
1127 904 1168 943 in
1195 906 1330 955 aperto
1358 906 1428 954 est,
1454 913 1556 953 quae

177 966 315 1007 eadem
332 968 374 1006 in
398 968 576 1009 omnibus
593 969 780 1010 orationis
803 970 962 1020 quintae
978 969 1165 1021 exemplis
1180 972 1355 1021 apparet.
1406 969 1557 1008 Tamen

176 1043 361 1083 magnum
398 1032 546 1085 aliquid
591 1033 751 1074 interest
789 1034 890 1075 inter
925 1034 1112 1075 orationis
1147 1034 1178 1073 Ι.
1214 1038 1253 1073 et
1279 1046 1333 1074 or.
1359 1033 1404 1073 V.
1432 1045 1557 1074 usum.

177 1095 277 1137 Nam
311 1110 396 1138 eum
424 1112 478 1139 or.
505 1100 535 1139 I.
563 1104 602 1140 et
637 1101 902 1140 collocationis
937 1105 975 1139 et
1011 1099 1293 1151 conjunctionis
1328 1099 1557 1138 varietatem

177 1163 373 1215 quandam
400 1165 606 1217 praebeat,
646 1179 697 1207 or.
727 1166 770 1206 V.
797 1166 896 1206 mira
922 1169 962 1206 et
988 1164 1254 1206 collocationis
1281 1168 1320 1205 et
1345 1163 1558 1216 conjuncti-

178 1230 264 1269 onis
312 1231 531 1270 constantia
570 1231 700 1270 utitur.
774 1232 957 1282 Legimus
997 1231 1121 1270 enim:
1160 1230 1215 1281 V,
1248 1230 1300 1269 23
1343 1228 1474 1280 ἐπειδὴ
1514 1227 1559 1266 δὲ

175 1294 425 1347 μετεξέβημεν
473 1308 555 1347 sqq.
603 1296 655 1336 24
702 1293 835 1348 ἐπειδὴ
874 1294 918 1334 δὲ
957 1294 978 1334 ὅ
1020 1293 1117 1346 α’νὴρ
1152 1292 1222 1336 οὐκ
1258 1293 1440 1346 ἐφαίνετο
1475 1306 1559 1346 sqq.

177 1360 240 1412 25·
276 1359 408 1411 ἐπειδὴ
449 1361 493 1399 δὲ
534 1362 608 1410 ἐχὼ
650 1361 806 1412 αἷχόμην
841 1374 923 1412 sqq.
960 1363 1011 1401 29
1046 1360 1178 1411 ἐπειδὴ
1213 1361 1257 1398 δὲ
1283 1360 1358 1408 ἐγώ
1384 1359 1559 1411 φροῦδος

178 1423 227 1477 ἦν
255 1438 337 1478 sqq.
356 1449 398 1455 —
418 1429 483 1464 καὶ
504 1426 638 1478 ἐπειδή
664 1427 705 1466 τὸ
733 1425 829 1477 αἷμα
844 1426 1050 1480 (ΑΒΝΖΜ,
1076 1426 1182 1478 vulg.
1207 1440 1240 1464 τι
1268 1424 1380 1478 αἷμα)
1407 1437 1489 1477 sqq.
1506 1447 1557 1457 —·

178 1490 312 1542 ἐπειδὴ
356 1491 399 1529 δὲ
446 1490 574 1536 αὐτοῖς
615 1495 725 1529 τοῦτο
770 1490 841 1529 οὐκ
885 1491 1063 1540 ἐνεχώρει
1107 1503 1189 1541 sqq.
1237 1491 1288 1530 33
1334 1489 1468 1540 ἐπειδὴ
1514 1489 1559 1528 δὲ

176 1555 401 1604 ἐγίγνωσκεν
447 1569 529 1607 sqq.
569 1556 617 1596 37
666 1555 799 1607 ἐπειδὴ
841 1555 884 1594 δὲ
940 1554 1147 1594 ἀπώλλυτο
1195 1568 1277 1607 sqq.
1328 1555 1381 1595 40
1423 1553 1558 1605 ἐπειδὴ

177 1620 221 1659 δὲ
247 1621 313 1659 ἐπὶ
337 1621 404 1659 τὸν
439 1620 577 1671 τροχὸν
602 1619 723 1672 α’νέβη
748 1633 831 1671 sqq.
858 1622 908 1660 41
937 1620 1070 1671 ἐπειδὴ
1106 1619 1150 1658 δὲ
1176 1619 1371 1660 ἐπαύσατο
1396 1621 1559 1667 βασανι-

175 1684 332 1736 ζόμενος
368 1698 451 1737 sqq.
477 1686 529 1726 55
563 1684 697 1736 ἐπειδὴ
727 1685 770 1724 δὲ
797 1685 817 1724 ὁ
848 1686 1064 1736 ἄνθρωπος’
1092 1684 1198 1733 ἔλεγε
1231 1697 1312 1736 sqq.
1339 1685 1391 1725 55
1425 1684 1557 1736 ἐπειδὴ

175 1750 219 1789 δὲ
240 1750 491 1803 ἀνεγνώσθη.
510 1752 560 1791 76
574 1751 706 1802 ἐπειδὴ
731 1751 775 1789 δὲ
793 1749 815 1802 ἢ
833 1750 949 1796 πόλις
965 1750 1034 1802 ὅλη
1055 1753 1182 1795 κακῶς
1203 1750 1457 1799 ἕβουλεύσαω
1477 1762 1560 1802 sqq.

282 1817 370 1857 Duo
386 1820 537 1857 tantum
560 1817 739 1869 exempla
761 1817 813 1857 ab
840 1816 912 1857 hoc
939 1828 1011 1857 usu
1031 1815 1217 1857 recedunt
1242 1816 1289 1869 V,
1316 1816 1367 1856 22
1381 1820 1421 1857 et
1433 1816 1479 1869 V,
1495 1816 1559 1858 23.

282 1882 373 1923 Una
410 1882 533 1922 oratio
560 1882 626 1921 VI.
662 1885 701 1922 et
742 1882 994 1934 temporalem
1033 1886 1073 1922 et
1106 1882 1302 1922 causalem
1342 1881 1558 1935 particulae

176 1946 501 1998 significationem
537 1945 717 1986 ostendit.
769 1947 896 1996 Atque
934 1946 1071 1998 prioris
1105 1946 1261 1997 generis
1294 1946 1474 1999 exempla
1500 1947 1559 1987 in-

177 2012 334 2053 venies:
368 2012 436 2061 VI,
466 2013 539 2063 113
567 2013 641 2063 213
675 2012 749 2063 383
775 2012 848 2059 423
875 2012 954 2064 443
980 2012 1225 2065 posterioris:
1259 2013 1326 2065 VI,
1353 2014 1403 2053 12
1430 2017 1470 2054 et
1495 2013 1559 2054 40.

177 2080 386 2119 Praeterea
424 2091 478 2118 or.
504 2079 570 2117 VI.
610 2078 746 2117 eadem
784 2078 994 2129 particulae
1031 2078 1246 2118 mobilitate
1281 2083 1399 2129 atque
1438 2092 1492 2119 or.
1529 2080 1560 2119 Ι.

176 2143 306 2184 utitur.

283 2209 397 2250 Addo
424 2221 551 2261 pauca
578 2209 626 2249 de
654 2208 846 2261 particula
872 2208 976 2260 ἐπεὶ,
1016 2221 1117 2259 quae
1143 2209 1184 2248 in
1210 2210 1428 2261 tetralogiis
1454 2215 1494 2251 et
1519 2211 1561 2250 in

181 2288 234 2316 or.
261 2276 292 2316 Ι.
318 2288 396 2316 non
423 2275 620 2316 invenitur
644 2278 683 2315 et
709 2274 750 2314 in
778 2273 915 2314 ceteris
942 2274 1182 2315 orationibus
1201 2287 1288 2316 raro
1316 2279 1455 2317 exstat.
1507 2275 1561 2317 Ut

177 2341 310 2393 ἐπειδὴ
338 2342 383 2380 δέ
410 2341 551 2382 dicitur
575 2341 659 2379 ἐπεὶ
686 2339 731 2379 δέ
757 2340 880 2380 tribus
906 2340 1021 2380 locis:
1049 2341 1095 2392 V,
1116 2341 1191 2391 773
1219 2341 1285 2391 VI,
1307 2343 1378 2393 12;
1406 2342 1468 2382 27.

282 2408 492 2448 Praeterea
519 2407 685 2458 legimus
712 2406 754 2445 in
781 2418 834 2446 or.
863 2406 907 2446 V.
937 2405 996 2446 bis
1022 2405 1108 2444 ἐπεί
1133 2429 1186 2435 -
1211 2408 1255 2454 γέ
1281 2409 1305 2456 ξ
1329 2407 1393 2459 50,
1418 2408 1481 2448 63.

285 2474 332 2512 In
368 2486 421 2513 or.
459 2473 524 2512 VI.
564 2476 694 2512 autem
735 2472 797 2511 bis
837 2472 1063 2523 conjunctas
1102 2472 1313 2524 reperimus
1349 2472 1561 2524 particulas

180 2537 266 2576 ἐπεί
291 2551 347 2577 τοι
375 2538 399 2590 ξ
426 2540 463 2589 9,
493 2538 542 2578 14
568 2537 618 2579 de
644 2538 782 2588 quibus
809 2536 986 2577 conferas
1012 2550 1049 2589 p.
1076 2538 1139 2578 49.
