1695 2931
829 112 854 157 9

259 220 355 260 Cum
388 221 515 261 adhuc
548 220 731 260 facillime
763 221 929 272 intelligi
961 221 1147 273 potuerit,
1186 219 1377 272 quomodo
1405 218 1525 259 verba

153 286 218 326 vel
270 287 466 326 enunciati
516 287 689 326 membra
743 286 962 337 particulis·
992 288 1032 324 τέ
1045 288 1143 324 -τέ
1193 287 1398 338 conjuncta
1450 284 1525 325 sibi

154 351 433 403 respondeant,
477 351 563 404 jam
607 350 659 390 ad
699 350 740 391 id
777 351 1024 403 Antiphontis
1061 350 1212 392 dicendi
1256 364 1398 404 genus,
1447 362 1524 403 quo

153 429 245 457 usus
284 421 366 457 tota
405 418 610 457 enunciata
649 417 849 468 particulis
896 417 973 457 illis
1010 417 1227 469 conjungit,
1269 421 1526 468 transeuntes,

153 494 428 533 nonnunquam
480 483 697 523 accuratius
758 482 891 522 videre
949 482 1150 534 debemus,
1211 495 1260 523 ne
1320 484 1525 523 verborum

153 560 277 588 nexus
314 561 384 588 nos
424 548 563 600 fugiat.
627 549 689 588 Ita
725 552 928 588 accusator
966 548 1123 588 alterius
1162 549 1417 589 accusationis
1453 549 1524 587 ini-

151 613 247 653 tium
301 613 360 653 his
401 614 531 653 verbis
578 611 671 654 faoit
711 614 769 661 Ar
809 616 829 653 1
887 613 911 665 ἢ
952 627 990 651 τε
1035 612 1173 662 α’τυχία
1228 613 1415 652 ἀδικεῖται
1458 612 1526 651 ὑπ’

153 676 273 718 αὐτοῦ
301 691 383 730 sqq.
444 677 524 718 ὑπό
558 693 597 718 τε
634 678 746 729 ὑμῶν
780 678 850 718 οιῖκ
889 679 998 726 ἄξιος
1032 678 1229 717 §aestuanti
1265 678 1382 724 ἐστιν,
1405 676 1407 678 ’
1428 690 1527 730 quae

152 744 273 783 verba
300 746 532 795 respondent
558 746 688 785 verbis
713 746 884 784 accusati
911 745 981 784 sub
1013 744 1128 784 finem
1153 744 1360 794 apologiae
1387 744 1451 791 Λβ
1478 744 1526 782 13

154 808 292 858 δέομαι
319 809 467 858 δίἵμῶν
501 809 731 859 ἐλεήσαντας
762 808 829 860 τὴν
868 808 1028 857 α’τυχίαν
1065 821 1140 858 μου
1166 808 1319 857 ἰατροὺς
1344 808 1528 855 γενέσθαι

155 874 282 926 αὐτῆς.
353 879 418 914 Λα
451 877 501 916 10
529 878 581 913 01
604 890 642 914 τε
667 877 741 924 γὰρ
768 874 1076 923 ἐπιβουλεύοντες
1103 873 1355 921 οἷνέἓέλεγκτοι
1380 875 1432 912 ἄν
1456 874 1530 923 εἴη·

153 951 239 986 σαν,
268 939 304 977 εἰ
329 953 410 991 sqq.
475 939 709 990 ἀσύμφορόν
736 940 782 977 θ’
807 938 897 987 ὑμῖν
923 939 1000 977 ἐστί
1026 952 1107 990 sqq.
1175 940 1283 978 Haec
1307 938 1383 978 duo
1409 951 1527 977 enun-

157 1004 260 1044 ciata
287 1017 443 1044 causam
463 1006 677 1056 verborum,
704 1018 804 1056 quae
829 1005 1072 1055 antecedunt,
1100 1004 1386 1052 ἐξελεγχόμενος
1413 1001 1527 1044 δ’ὖπό

152 1083 190 1108 τε
215 1071 291 1107 τῶν
317 1070 473 1108 εἰκότων
500 1068 579 1109 ὑπό
604 1084 640 1108 τε
669 1072 747 1108 τῶν
773 1072 1099 1118 παραγενομένων
1126 1068 1254 1109 οὕδενὶ
1288 1072 1419 1119 τρόπῳ
1447 1069 1527 1107 οὔτι

152 1134 310 1179 δικαίως
335 1135 420 1173 οὔτε
448 1136 717 1185 συμφερόντως
743 1129 937 1175 α’πολύοιτ’
963 1136 1015 1172 ἄν
1040 1135 1108 1184 ὑφ’
1134 1132 1263 1183 ὑμῶν,
1305 1134 1524 1184 continent3

151 1213 242 1240 nam
268 1201 375 1249 prius
401 1201 645 1240 enunciatum
673 1201 841 1252 explicat
866 1201 1024 1241 verbum
1052 1200 1218 1246 δικαίως,
1243 1200 1405 1238 alterum
1432 1212 1525 1240 vero

152 1265 430 1314 συμφερόντως.
502 1266 700 1305 Facillime
739 1266 1007 1316 intelliguntur
1045 1266 1165 1304 verba
1207 1266 1268 1312 Αβ
1296 1265 1365 1314 1ος
1407 1265 1463 1309 Βγ
1490 1265 1525 1302 2.

153 1329 265 1377 Quod
313 1342 404 1369 vero
454 1330 593 1370 attinet
639 1330 690 1369 ad
740 1331 864 1370 verba
918 1333 976 1369 Γα
1016 1332 1041 1370 3
1081 1330 1141 1368 ὅτε
1188 1333 1263 1379 γὰρ
1306 1327 1526 1367 ἀποθανών

151 1394 351 1435 ὑπολείπει
385 1396 452 1445 τὴν
487 1399 562 1434 τῶν
598 1394 801 1446 ἀλιτηρίων
837 1396 1066 1444 δυσμένειαν
1104 1395 1152 1445 ἥν
1188 1408 1269 1445 sqq.
1296 1393 1402 1445 ἡμεῖς
1425 1408 1462 1432 τε
1488 1392 1526 1431 οἵ

151 1462 309 1508 τιμωροὶ
334 1463 409 1497 τῶν
436 1459 740 1510 διεφθαρμένων
764 1473 845 1511 sqq.
874 1461 1072 1500 consentio
1100 1472 1186 1499 cum
1213 1459 1433 1510 Spengelio,
1462 1459 1526 1508 qui

155 1524 455 1576 demonstravit,
491 1524 557 1576 (m.
583 1524 642 1564 rh.
668 1524 782 1564 XVII
808 1538 846 1576 p.
875 1525 989 1576 169),
1028 1537 1103 1575 quo
1136 1523 1248 1564 modo
1284 1524 1381 1563 haec
1409 1536 1526 1563 enun-

153 1590 257 1628 ciata
284 1590 494 1629 arctissime
520 1590 759 1629 cohaereant.
792 1589 858 1641 (cf.
884 1602 1035 1640 quoque
1062 1591 1120 1637 Ββ
1148 1590 1227 1640 11).
1277 1590 1402 1639 Atque
1428 1588 1528 1627 alius

152 1654 259 1694 locus
267 1654 342 1694 huc
353 1655 518 1706 pertinet
531 1656 571 1694 in
585 1667 660 1705 quo
669 1656 865 1707 Sauppius
880 1656 920 1695 in
931 1655 1100 1695 editione
1114 1667 1185 1694 sua
1196 1654 1303 1706 justo
1313 1654 1400 1706 jure
1409 1653 1526 1693 offen-

153 1719 256 1759 disse
283 1720 377 1759 mihi
403 1720 566 1760 videtur.
625 1721 819 1761 Praebent
839 1722 941 1761 enim
959 1721 1070 1761 codd.
1083 1722 1145 1760 Aa
1165 1722 1186 1760 7
1217 1719 1350 1771 ἤλπιζε
1375 1733 1411 1757 τε
1436 1718 1527 1757 τάδε

153 1786 226 1835 μὲν
253 1784 402 1834 δράσας
429 1788 493 1823 καὶ
519 1785 649 1836 λήσειν
662 1787 889 1830 ἀποκτείνας
917 1785 1035 1824 αὐτὸν
1059 1788 1124 1823 καὶ
1139 1784 1436 1834 ἀποφεύξεσθαι
1462 1784 1529 1834 τὴν

150 1849 318 1900 γραφήν.
371 1849 462 1888 ουδὲ
500 1850 574 1900 γὰρ
602 1851 794 1896 ἐπεξιέναι
820 1850 963 1891 οὐδένα
989 1850 1075 1888 αλλ’
1102 1850 1247 1901 ἐρήμην
1287 1848 1405 1899 αὐτὴν
1431 1848 1529 1886 ἔσεσ·

152 1916 239 1952 θαι·
268 1917 305 1952 εἴ
327 1928 365 1952 τε
392 1917 456 1952 καὶ
484 1914 598 1965 ἁλοίη
625 1927 705 1966 sqq.
728 1916 920 1967 Sauppius
946 1916 1145 1967 proposuit
1169 1916 1416 1954 mutationem
1443 1927 1529 1965 par-

153 1980 300 2019 ticulae
326 1981 364 2018 τέ
390 1981 430 2020 in
449 1979 504 2019 δέ.
557 1980 646 2032 Sed,
673 1993 904 2032 quamquam
922 1980 1015 2020 mihi
1038 1992 1187 2031 quoque
1201 1981 1321 2019 verba
1350 1978 1530 2030 ἧλπιζέτε

150 2045 244 2083 τάδε
267 2047 339 2093 μὲν
364 2045 513 2095 δράσας
538 2059 616 2086 non
642 2051 745 2086 recte
771 2046 915 2086 tradita
941 2059 1026 2086 esse
1051 2046 1250 2095 videntur,
1286 2051 1415 2084 tamen
1441 2058 1526 2084 cum

150 2109 325 2161 Sauppio
362 2111 410 2149 de
445 2111 655 2150 mutatione
691 2112 907 2162 particulae
941 2113 980 2150 τέ
1006 2111 1220 2151 consentire
1247 2123 1324 2150 non
1351 2123 1526 2161 possum3

150 2187 240 2214 nam
269 2176 366 2214 haec
382 2175 458 2215 duo
473 2176 679 2215 enunciata
706 2175 839 2225 ἤλπιζε
860 2190 898 2213 τε
919 2189 1000 2227 sqq.
1025 2180 1064 2215 et
1090 2176 1123 2213 ἔι
1149 2190 1186 2213 τε
1212 2177 1277 2212 καὶ
1304 2174 1417 2225 ἁλοίη
1444 2187 1527 2225 sqq.

151 2251 309 2280 causam
337 2241 560 2291 verborum,
587 2253 687 2292 quae
713 2241 964 2293 antecedunt,
991 2240 1016 2293 ἥ
1041 2254 1078 2279 τε
1103 2240 1296 2289 ἐπιθυμία
1322 2242 1385 2290 τῆς
1410 2253 1526 2288 τιμω-

150 2306 236 2354 ρίας
250 2304 459 2355 ἀμνήμονα
485 2309 561 2344 τῶν
587 2305 777 2344 κινδύνων
793 2308 958 2356 καθίστη
976 2305 1106 2352 αὐτόν,
1133 2305 1193 2344 ὅτε
1207 2306 1330 2355 φόβος
1348 2306 1423 2342 τῶν
1441 2305 1528 2343 ἐπι-

150 2372 379 2422 φερομένων
414 2373 545 2409 κακῶν
587 2370 813 2422 ἐκπλήσσων
850 2371 1087 2423 θερμότερον
1135 2370 1338 2420 ἐπιχειρεῖν
1373 2369 1528 2424 ἐπῇρεν,

151 2436 360 2476 continent.
414 2437 467 2477 Ut
494 2449 585 2476 vero
611 2436 680 2476 illa
705 2437 878 2476 membra
905 2436 930 2487 ἢ
955 2451 993 2475 ιε
1019 2436 1212 2485 ἐπιθυμία
1240 2459 1289 2465 -
1317 2434 1378 2473 ὅτε
1406 2436 1530 2485 φόβος

151 2512 234 2551 sqq.
247 2501 447 2553 particulis
474 2503 606 2539 τέ-τέ
631 2502 846 2541 arctissime
873 2501 1081 2553 conjuncta
1108 2504 1205 2548 sunt,
1231 2501 1289 2540 ita
1315 2500 1413 2540 haec
1439 2513 1531 2550 qno·
1587 2511 1591 2514 ·

152 2577 227 2616 que
261 2567 383 2607 verba
419 2567 563 2619 optime
595 2567 673 2608 illis
711 2567 913 2619 particulis
947 2567 1240 2619 conjunguntur.
1301 2567 1401 2606 Tum
1427 2579 1532 2618 vero,

152 2630 186 2670 si
212 2632 405 2684 particula
431 2634 471 2671 τέ
495 2636 583 2686 post
609 2632 743 2683 ἤλπιζε
767 2633 897 2686 posita
910 2646 995 2676 non
1012 2632 1065 2673 ad
1091 2633 1290 2686 superiora
1316 2633 1438 2673 verba
1463 2631 1531 2673 sed
