1695 2931
795 124 841 163 11

133 240 179 268 eo
205 226 255 268 de
280 228 354 268 hae
374 229 576 268 verborum
601 229 810 269 mutatione
837 230 1061 269 consentire.
1123 232 1221 271 Nam
1246 230 1375 279 verba,
1402 238 1503 278 quae

132 296 353 343 sequuntur,
380 293 403 330 ὄ
429 308 466 330 τε
491 295 565 343 γὰρ
594 298 893 343 καταμαρτυρῶν
907 308 988 345 sqq.
1015 301 1052 334 et
1080 297 1126 335 de
1154 310 1199 336 eo
1225 308 1375 347 genere,
1403 293 1505 344 quod

132 358 270 398 dieitur
294 358 339 395 τὰ
367 358 519 403 εἰκότα,
560 363 599 398 et
635 359 683 398 de
718 360 796 399 alio
824 372 965 409 genere
991 366 1130 411 agunt3
1171 375 1258 400 nam
1286 362 1410 412 prima
1436 359 1506 398 illa

131 423 251 462 verba
277 423 382 462 nullo
410 423 523 462 modo
551 424 602 462 ad
630 436 763 463 vocem
789 422 917 461 εἰκότα
943 426 1077 464 referri
1105 431 1275 476 possunt.
1344 427 1506 464 Restant

132 487 307 527 codicum
335 488 457 527 verba
482 488 544 527 Αδ
570 490 591 527 7
622 487 836 533 ἀκινδύνως
863 503 900 526 τε
926 486 1033 533 οὗτος
1060 504 1099 535 γε
1126 490 1276 538 μέλλων
1302 495 1507 539 μαρτυρεῖν

132 551 248 590 οὐδὲν
276 554 506 601 θαυμαστὸν
532 552 686 590 ἔπαθεν
713 552 790 590 ὑπὸ
818 557 893 590 τῶν
920 556 1061 602 κυρίων
1087 567 1167 604 sqq.
1208 555 1281 600 ἐγώ
1308 569 1344 591 τε
1375 553 1501 590 ἄνόσι’

61 673 63 675 ¹
134 618 186 654 ἄν
212 620 399 666 πάσχοιμι
425 630 506 668 sqq.
559 619 642 657 Hoc
668 619 751 658 loeo
780 619 862 657 sine
876 619 956 657 ulla
980 619 1218 658 dubitatione
1238 632 1320 657 eum
1338 619 1508 668 Reiskio‚

132 683 357 734 Spengelio,
383 684 535 723 Blassio
562 684 750 734 particula
777 685 820 729 γέ
846 688 934 734 post
961 681 1070 727 οὗιος
1096 685 1135 722 in
1162 686 1199 720 τέ
1228 684 1412 722 mutanda
1439 688 1507 733 est,

134 751 179 788 ut
204 748 280 787 sibi
306 748 565 800 respondeant
592 745 701 792 οὗτος
726 763 763 786 τε
785 773 835 779 -—-
861 749 937 794 ἐγώ
964 763 1011 788 τε.
1080 750 1177 788 Tum
1215 762 1305 787 vero
1335 751 1507 787 remanet

135 814 261 865 prima
288 815 483 865 particula·
501 816 540 852 τὲ
564 819 651 865 post
679 813 908 864 ἀκινδύνως,
935 815 997 853 eui
1016 815 1139 853 altera
1159 814 1349 865 particula
1367 815 1406 850 τέ
1433 826 1508 851 non

136 879 353 929 respondet.
405 880 541 930 Itaque
568 885 635 919 aut
648 880 873 919 sumendum
900 884 969 930 est,
995 880 1185 930 particula
1214 881 1251 916 τέ
1268 880 1362 917 haee
1389 878 1507 917 verba

137 954 223 982 eum
250 943 510 994 superioribus
538 943 733 994 conjungi,
760 948 827 982 aut
852 956 938 982 eum
964 943 1122 982 Reiskio
1151 948 1188 982 et
1216 943 1365 981 Blassio
1393 941 1510 991 parti-

137 1008 224 1049 cula
251 1009 292 1047 in
320 1007 365 1045 δέ
385 1009 526 1047 mutari
554 1008 677 1048 debet.
730 1009 866 1049 Utrum
886 1021 977 1048 vero
1005 1010 1117 1048 nobis
1143 1009 1306 1060 placeat,
1335 1008 1383 1046 de
1409 1019 1511 1045 nova

137 1074 207 1114 illa
243 1074 490 1125 quaestione,
531 1074 583 1113 ad
620 1087 734 1124 quam
766 1075 849 1127 jam
883 1075 1046 1114 transire
1082 1075 1283 1124 debemus,
1322 1072 1511 1124 quomodo

137 1140 327 1192 particula
359 1142 396 1178 τέ
421 1141 540 1180 semel
575 1142 702 1192 posita
737 1142 778 1180 in
805 1142 1020 1191 tetralogiis
1049 1145 1232 1191 usurpata
1259 1141 1325 1190 sit,
1362 1139 1515 1190 pendet.

246 1205 344 1244 Cum
365 1205 448 1256 jam
472 1218 520 1244 ex
546 1206 625 1244 illis
652 1206 893 1257 conjecturis,
920 1218 1018 1255 quae
1050 1218 1165 1256 supra
1186 1205 1279 1243 mihi
1294 1203 1517 1243 afferendae

142 1274 263 1320 erant,
290 1270 405 1309 faeile
418 1271 583 1320 intelligi
598 1271 730 1321 possit,
757 1271 930 1311 codicum
942 1271 1068 1317 fidem,
1095 1270 1197 1320 quod
1216 1271 1352 1309 attinet
1365 1269 1416 1308 ad
1431 1281 1517 1320 par-

139 1335 297 1375 ticulam
322 1336 382 1384 τέ,
420 1335 525 1374 haud
552 1348 637 1375 esse
664 1349 868 1387 magnam,
901 1337 998 1376 haee
1025 1349 1127 1376 nova
1154 1336 1328 1386 quaestio
1356 1347 1442 1373 eam
1470 1334 1518 1373 de

140 1401 336 1441 codic-ibus
360 1402 591 1441 sententiam
627 1414 782 1452 prorsus
809 1415 886 1441 non
914 1403 954 1441 in
981 1402 1177 1441 meliorem
1213 1405 1360 1452 partem
1388 1404 1518 1439 mutat.

140 1467 274 1508 Codex
290 1468 499 1518 Npraebet
524 1468 584 1515 Αβ
600 1469 619 1506 1
649 1468 723 1505 ἐάν
749 1470 788 1505 τέ
802 1482 855 1512 τις
881 1467 980 1518 ἄλλη
1008 1468 1127 1519 (quod
1142 1468 1286 1519 recepit
1304 1466 1516 1518 Blassius);

140 1531 258 1571 ceteri
285 1530 436 1571 codices
464 1529 536 1569 ἑὰν
563 1530 607 1569 δέ
634 1544 698 1581 τις,
726 1531 829 1582 quod
847 1531 1089 1571 retinendum
1109 1536 1179 1571 est.
1229 1532 1289 1578 Αβ
1309 1532 1353 1569 11
1383 1529 1515 1569 Codex

139 1597 176 1637 N
202 1596 318 1636 habet
344 1595 445 1644 ὑμᾶς
471 1603 508 1633 τε
535 1595 682 1646 α’σεβετς
708 1611 746 1634 τε
772 1609 931 1647 quorum
946 1598 1148 1636 verborum
1176 1597 1298 1635 altera
1324 1596 1516 1647 particula

139 1663 180 1700 τέ
206 1663 360 1701 omnino
388 1662 575 1712 explicari
600 1674 677 1700 non
705 1666 842 1712 potest.
897 1663 957 1709 Αβ
986 1663 1034 1700 12
1077 1663 1316 1711 Optimorum
1343 1662 1516 1700 codicum

142 1726 308 1779 (ANB)
336 1726 448 1766 lectio
467 1730 525 1765 est
551 1726 618 1774 ἐμὲ
645 1725 688 1763 δὲ
716 1726 756 1764 ἔκ
783 1740 820 1764 τε
847 1726 922 1764 τῶν
949 1728 1284 1776 προειργασμένων
1302 1725 1513 1772 γνώσεσθε,

141 1804 241 1842 quae
268 1793 386 1831 verba
412 1792 468 1830 ita
495 1792 575 1841 legi
600 1792 705 1830 nullo
731 1792 845 1831 modo
864 1797 1043 1842 possunt3
1070 1797 1138 1830 aut
1165 1792 1358 1842 particula
1384 1793 1423 1828 τέ
1451 1791 1515 1829 de-

141 1854 258 1895 lenda
286 1858 365 1906 est,
400 1859 469 1894 aut
502 1854 621 1894 verba
649 1854 859 1905 quaedam,
900 1867 1000 1905 quae
1037 1855 1115 1894 illis
1151 1855 1279 1894 verbis
1307 1855 1347 1891 ἔκ
1375 1868 1412 1891 τε
1438 1855 1515 1891 τῶν

142 1921 479 1969 προειργασμένων
513 1919 789 1971 respondeant,
828 1919 1044 1971 supplenda
1079 1924 1179 1958 sunt.
1252 1920 1388 1959 Utrum
1425 1931 1515 1958 vero

142 1984 363 2024 faciendum
389 1985 450 2036 sit,
478 1985 527 2024 de
554 1997 602 2024 ea
628 1997 670 2024 re
698 1985 870 2025 homines
887 1985 990 2024 docti
1008 1985 1247 2024 dissentiunt.
1299 1985 1383 2034 Ego
1410 1988 1515 2035 puto,

141 2051 371 2104 particulam
406 2053 446 2089 τέ
488 2063 573 2092 esse
608 2051 879 2102 omittendam3
921 2064 1012 2091 nam
1038 2051 1206 2091 futurum
1232 2050 1341 2090 verbi
1367 2054 1516 2101 tempus

142 2116 337 2164 γνώσεσθε
364 2120 513 2168 spectat
540 2116 592 2155 ad
618 2129 666 2155 ea
692 2117 824 2165 verba,
851 2129 951 2167 quae
977 2121 1204 2166 sequuntur,
1243 2120 1280 2155 et
1303 2127 1349 2154 ea
1375 2115 1516 2166 omnia,

144 2195 243 2235 quae
269 2195 357 2223 reus
385 2184 426 2222 in
453 2184 530 2224 illis
557 2184 685 2223 verbis
713 2187 923 2233 enumerat,
951 2183 1146 2236 pertinent
1164 2183 1215 2222 ad
1241 2195 1357 2222 unam
1383 2195 1515 2223 vocem

143 2250 464 2299 προειργασμένα.
529 2250 637 2296 Quae
664 2249 908 2288 Maetznerus
949 2254 991 2288 ut
1027 2249 1199 2288 codicum
1227 2249 1426 2288 lectionem
1453 2249 1518 2288 de÷

144 2314 330 2366 senderet,
356 2314 496 2365 attulit,
524 2314 620 2354 mihi
634 2327 711 2355 non
732 2316 966 2366 probantur3
993 2314 1093 2354 dixit
1106 2318 1233 2354 autem
1260 2314 1300 2353 in
1330 2326 1518 2355 commen-

143 2381 253 2420 tariis
280 2380 360 2420 suis
386 2393 425 2431 p.
455 2380 553 2420 159:
594 2392 752 2432 „vereor
787 2392 837 2419 ne
873 2381 922 2419 ab
959 2384 1110 2419 oratore
1144 2380 1299 2418 uberius
1327 2379 1375 2418 de
1401 2381 1517 2420 rebus

145 2445 224 2487 suis
251 2448 366 2496 atque
393 2445 563 2485 moribus
585 2448 801 2498 exponente
828 2457 1035 2497 suppressa
1062 2445 1138 2484 sint
1165 2456 1263 2495 quae
1290 2445 1409 2484 menti
1435 2445 1519 2487 eius

146 2512 441 2552 obversarentur
479 2515 542 2548 καὶ
569 2510 611 2548 ἐκ
638 2513 700 2561 τῆς
727 2512 799 2549 νῦν
826 2510 1039 2557 ἀπολογίας
1066 2509 1239 2548 α’ναίτιον
1263 2510 1356 2548 ὄντα
1382 2506 1519 2558 γνώσε·

146 2577 222 2614 σθε
247 2576 310 2617 vel
337 2576 461 2617 simile
488 2575 614 2627 quid“.
682 2576 760 2617 Sed
793 2579 926 2616 contra
953 2575 1054 2616 hane
1079 2575 1308 2616 sententiam
1336 2577 1519 2618 orationis

147 2655 269 2694 genus
296 2647 456 2696 pugnat.
519 2643 618 2684 Nam
644 2644 686 2684 in
713 2643 929 2694 tetralogiis
956 2643 1197 2695 explicandis
1224 2643 1287 2684 vel
1315 2642 1521 2684 emendan-
