1695 2931
822 132 874 171 29

157 235 236 286 γάρ
276 234 504 286 conjunctae
531 237 630 274 sunt.
682 235 782 274 Nam
809 239 911 274 recte
939 235 1152 286 Wageners
1184 224 1327 287 (sstude
1353 247 1419 275 sur
1442 235 1535 275 l’au·

159 301 356 340 thenticite
390 300 442 339 du
477 300 650 339 discours
684 299 918 349 d’Antiphon
955 303 1042 350 περὶ
1075 303 1141 338 τοῦ
1175 303 1376 350 χορευιοῦ,
1418 299 1535 340 Gand

162 366 265 405 1870
291 378 327 416 p.
354 365 422 416 26)
450 364 613 404 monuit:
643 364 683 403 la
708 363 870 403 formule
896 366 968 412 μὲν
978 368 1068 415 γάρ,
1093 366 1155 416 qui
1183 366 1305 417 figure
1330 367 1533 407 trente-six

159 429 235 469 fois
261 429 355 480 (imo
383 441 473 468 vero
500 428 860 479 undequadragiens,
895 429 1067 479 neglexit
1102 431 1205 469 enim
1243 432 1420 482 exempla
1446 434 1470 480 ἓ
1496 432 1534 483 5,

160 496 223 546 22,
250 494 319 545 54)
350 495 447 534 dans
474 494 563 534 l’Or.
591 494 658 544 V.,
686 499 724 533 et
750 494 962 533 seulement
987 495 1082 534 neuf
1103 494 1177 534 fois
1206 495 1304 535 dans
1330 496 1418 537 l’Or.
1444 497 1509 537 VI.

263 560 470 598 Praeterea
497 559 662 610 conjecit
687 560 906 610 Dobreeus,
949 572 1061 609 quem
1087 560 1260 600 Blassius
1297 567 1449 601 secutus
1476 566 1535 602 est

159 623 225 675 VI,
238 625 288 663 41
305 625 457 673 πρῶτον
482 625 555 672 μέν
579 647 631 654 -
658 626 767 662 τοῦτο
795 623 840 662 δέ
854 637 924 675 pro
939 624 1049 664 codd.
1066 625 1229 665 lectione
1241 627 1404 673 πρῶτον.
1457 627 1534 666 De-

158 689 275 738 nique
301 688 476 727 Blassius
503 688 657 738 scripsit
684 692 819 727 contra
845 688 1019 727 codicum
1061 689 1325 740 autoritatem,
1363 691 1428 739 qui
1461 692 1534 738 μέν

159 754 348 804 omittunt,
373 753 438 804 VI,
465 754 528 804 43,
554 752 705 804 ἑτέρους
724 754 797 802 μέν
822 776 876 782 --
900 752 1031 793 τούτου
1058 753 1103 791 δέ
1129 765 1211 804 sqq.

827 872 872 909 B.

261 950 308 988 In
335 949 551 999 tetralogiis
578 950 777 999 particulis
803 949 975 998 μέν-δέ
999 950 1075 989 duo
1102 951 1221 988 verba
1247 950 1320 989 sibi
1336 963 1533 1001 opponun-

157 1018 218 1053 tur
245 1015 305 1053 his
331 1014 443 1063 locis,
470 1014 530 1060 Αβ
546 1014 596 1052 10
621 1014 656 1050 εἶ
681 1016 748 1050 καὶ
774 1013 926 1057 εῑκόιως
952 1016 1024 1062 μὲν
1050 1014 1168 1057 ὄντως
1183 1013 1227 1051 δὲ
1245 1015 1297 1063 μὴ
1313 1014 1531 1055 ἀπέκτεινα,

157 1080 214 1126 Ar
243 1080 267 1118 8
293 1079 446 1122 εἰκότως
471 1080 543 1128 μὲν
569 1077 735 1123 ἀνοσίως
762 1078 804 1115 δὲ
832 1077 1040 1118 ἀπέκτεινε.
1093 1079 1311 1129 Briglebius
1340 1079 1426 1130 (Le.
1439 1092 1475 1130 p.
1490 1080 1532 1132 9)

155 1143 385 1195 particulam
413 1142 457 1180 δέ
483 1143 602 1182 deleri
627 1142 750 1193 jubet,
776 1142 845 1182 scd
872 1143 955 1182 eius
983 1155 1125 1183 causae
1152 1144 1245 1182 mihi
1272 1144 1426 1183 omnino
1454 1157 1531 1184 non

156 1208 377 1259 probantur.
430 1208 528 1246 Tum
558 1207 735 1247 conferas
762 1208 816 1256 Γβ
839 1209 884 1257 33
921 1209 980 1255 Ββ
1008 1209 1051 1258 83
1084 1209 1139 1253 Βγ
1166 1210 1210 1258 53
1246 1207 1307 1247 Βδ
1331 1210 1367 1248 2.

261 1272 306 1311 In
333 1285 386 1312 or.
412 1273 442 1312 I.
470 1273 542 1311 hoc
568 1272 680 1311 modo
708 1272 783 1311 duo
810 1273 931 1311 verba
958 1273 1032 1311 sibi
1060 1274 1237 1323 opposita
1262 1286 1340 1312 non
1367 1278 1466 1313 sunt.

260 1339 467 1377 Praeterea
492 1338 704 1389 particulae
729 1337 900 1387 μέν-δέ
927 1342 965 1376 et
991 1337 1042 1377 ad
1072 1338 1278 1377 enunciata
1296 1343 1334 1378 et
1347 1338 1399 1377 ad
1412 1351 1529 1378 enun-

157 1405 343 1444 ciatorum
368 1404 538 1444 membra
565 1403 837 1455 conjungenda
864 1407 944 1442 tam
971 1416 1088 1455 saepe
1115 1408 1358 1455 usurpantur,
1385 1409 1427 1444 ut
1453 1418 1530 1445 om-

156 1470 222 1508 nia
249 1470 427 1519 exempla
454 1468 592 1508 afferre
619 1480 948 1518 supervacaneum
974 1480 1059 1507 esse
1086 1468 1180 1507 mihi
1207 1469 1396 1510 videatur.
1452 1471 1530 1509 Ita-

157 1545 230 1584 que
256 1544 316 1580 ea,
346 1532 395 1573 de
421 1533 558 1583 quibus
586 1532 682 1572 nihil
708 1532 940 1572 monendum
968 1537 1037 1584 est,
1066 1533 1285 1573 omittimus.

258 1599 423 1649 Saepius
450 1598 647 1649 particulis
670 1597 840 1646 μέν-δέ
875 1598 1052 1637 transitio
1088 1599 1139 1637 ab
1176 1611 1252 1637 una
1289 1599 1341 1637 ad
1367 1599 1530 1654 alteram

155 1664 340 1703 orationis
366 1668 515 1714 partem
553 1663 608 1702 ita
644 1663 706 1714 fit,
745 1666 787 1702 ut
818 1664 891 1711 μέν
917 1663 958 1702 ὶιι
984 1663 1060 1703 fine
1087 1663 1242 1714 prioris,
1280 1663 1326 1701 δέ
1352 1664 1391 1704 in
1417 1665 1529 1705 initio

153 1729 376 1780 posterioris
403 1729 524 1779 partis
551 1728 782 1767 inveniatur.
844 1730 906 1776 Αβ
934 1729 983 1767 10
1010 1728 1106 1767 οὕτω
1139 1731 1212 1777 μὲν
1248 1728 1275 1765 ἂ
1315 1729 1529 1780 κατηγόρη-

153 1796 215 1831 ταί
236 1806 311 1843 μου
338 1794 466 1831 πάντα
507 1793 652 1831 ἄπιστοί
691 1793 804 1830 ἐστιν.
849 1792 1098 1831 ἀπολύεσθαι
1126 1792 1170 1830 δὲ
1196 1792 1264 1844 ὑφ’
1300 1792 1408 1842 ὑμῶν
1447 1807 1530 1846 sqq.

154 1859 292 1908 quibus
331 1859 460 1898 verbis
495 1862 625 1897 orator
664 1857 716 1897 ad
752 1858 946 1908 epilogum
986 1858 1134 1897 transit.
1195 1859 1396 1898 Prooemio
1437 1871 1529 1899 vero

153 1924 330 1963 absoluto
358 1923 410 1963 ad
435 1923 561 1974 ipsam
588 1922 853 1962 defensionem
878 1923 1006 1974 pergit
1032 1923 1179 1963 verbis:
1226 1923 1289 1963 Αδ
1313 1924 1340 1963 4
1366 1926 1434 1975 τῆν
1456 1926 1530 1973 μὲν

154 1987 225 2026 οὖν
251 1987 411 2036 ἀτυχίαν
437 1987 463 2042 ᾗ
487 2002 534 2036 με
553 1988 842 2036 διαβάλλουσιν
870 2010 916 2016 —-
947 1986 1046 2033 α’ξιῶ
1082 1987 1125 2025 δὲ
1154 1985 1255 2035 ὑμᾶς
1281 2001 1363 2039 sqq.
1416 1989 1529 2029 Simi-

151 2054 240 2094 liter
275 2054 463 2104 legimu83
498 2054 553 2100 By
580 2053 606 2092 4
646 2055 697 2105 τῷ
732 2055 804 2102 μὲν
847 2050 919 2092 οὖν
953 2052 1089 2104 δικαίῳ
1124 2053 1311 2092 πιστεύων
1350 2052 1529 2105 ὑπερορῶ

151 2116 214 2168 τῆς
254 2117 485 2164 ἀπολογίας·
519 2121 563 2171 τῇ
590 2117 633 2155 δὲ
671 2117 887 2168 σκληρότητι
923 2130 1004 2167 sqq.
1070 2119 1271 2157 Postrema
1313 2119 1410 2158 haec
1450 2119 1526 2158 duo

129 2183 329 2235 -exempla
357 2183 603 2234 Antiphontis
631 2182 783 2222 dicendi
810 2195 933 2232 genus
960 2183 1103 2233 optime
1129 2183 1345 2234 ostendunt,
1372 2195 1457 2223 cum
1484 2184 1526 2223 in

151 2248 278 2298 priore
313 2248 497 2287 orationis
534 2252 645 2298 parte
682 2260 761 2286 non
787 2248 872 2286 sola
899 2247 1090 2297 particula.
1116 2249 1188 2295 μέν
1214 2248 1284 2286 sed
1312 2249 1527 2298 particulae

149 2314 222 2361 μὲν
247 2311 316 2352 οὖν
341 2312 567 2363 conjunctae
593 2312 864 2361 inveniantur;
899 2323 988 2350 nam
1016 2312 1241 2362 saepissime
1267 2312 1307 2350 in
1333 2314 1526 2354 transitio-

150 2377 264 2417 nibus
293 2378 364 2417 has
391 2377 601 2429 particulas
629 2377 838 2428 conjungit.
900 2377 1059 2416 Praeter
1097 2376 1166 2415 illa
1193 2377 1373 2428 exempla
1398 2379 1526 2419 confe-

150 2453 227 2492 ras,
255 2455 410 2493 quaeso,
437 2443 495 2489 Ar
525 2443 567 2493 13
595 2443 650 2490 Γβ
673 2443 718 2492 73
746 2441 802 2478 Γδ
829 2442 878 2490 93
906 2442 966 2489 Αβ
994 2441 1054 2480 13.
1092 2441 1300 2481 Praeterea
1314 2444 1526 2493 particulas

149 2507 222 2552 μὲν
249 2504 318 2546 οὖν
345 2506 571 2558 conjunctas
599 2506 774 2546 invenies
800 2505 842 2544 in
868 2505 1076 2556 tetralogia
1103 2505 1192 2554 Αεβ
1218 2506 1256 2557 4,
1285 2508 1348 2558 12,
1375 2508 1416 2547 in
1443 2512 1528 2549 tetr.

150 2569 239 2608 Bza
269 2572 289 2609 1
320 2571 411 2623 (bis)
438 2573 464 2619 β
490 2572 536 2623 3,
563 2570 589 2609 δ
615 2572 659 2622 83
686 2572 728 2610 in
754 2574 838 2610 tetr.
865 2571 952 2608 Για
979 2570 1022 2621 5,
1048 2571 1074 2619 β
1101 2570 1146 2621 2,
1173 2571 1216 2616 5,
1245 2572 1290 2622 8,
1315 2586 1339 2618 y
1366 2573 1413 2624 6,
1438 2572 1461 2610 ὁ
1491 2574 1527 2625 l,

150 2634 189 2686 2,
214 2636 251 2675 5.
303 2636 383 2676 Sed
409 2636 457 2676 de
484 2637 620 2677 harum
645 2636 922 2688 particularum
949 2636 1219 2687 conjunctione
1245 2637 1335 2677 aliis
1362 2638 1456 2679 locis
1470 2638 1526 2679 di-
