1695 2931
841 102 866 140 7

155 210 253 250 haec
277 211 368 248 sunt
392 207 588 258 exemplat
615 206 679 245 Αα
694 207 719 246 9
742 204 1051 253 Ἐξελεγχόμενος
1077 204 1198 245 δ’ὖπό
1214 219 1252 243 τε
1278 206 1355 243 τῶν
1379 202 1537 243 εἰκότων

153 271 234 313 ὖπό
245 274 369 312 τετῶν
381 271 717 323 παραγενομένων.
758 270 955 310 Habemus
972 269 1014 309 in
1030 269 1103 310 hoc
1128 270 1305 322 exemplo
1333 269 1535 320 vulgarem

151 340 353 380 verborum
380 338 690 387 collocationem3
728 348 821 375 nam
857 348 1088 386 quamquam
1126 336 1343 387 particulae
1371 348 1420 374 ex
1447 335 1535 387 ipsa

153 403 211 445 rei
236 407 376 443 natura
401 401 534 452 verba,
575 411 676 451 quae
702 399 954 451 conjungunt,
981 404 1190 450 sequuntur
1216 400 1275 452 (ut
1309 400 1466 439 Homeri
1490 399 1535 438 il-

151 470 220 509 lud
246 469 369 517 πατῆρ
396 466 557 517 ἀνδρῶν
582 480 620 504 τε
648 467 755 503 θεῶν
780 466 847 516 τε),
873 469 1003 505 tamen
1029 478 1203 517 semper,
1230 479 1317 506 cum
1341 466 1421 506 illis
1448 478 1532 506 ver-

152 532 214 572 bis
238 531 473 583 praepositio
502 530 636 581 aliqua
663 530 726 569 vel
751 529 936 569 articulus
962 529 1117 569 additus
1155 535 1236 581 est,
1275 530 1468 581 particula
1493 532 1534 568 τέ

151 597 252 637 inter
265 595 594 647 praepositionem
609 598 648 634 et
663 594 868 634 articulum
884 594 948 634 vel
974 594 1073 634 inter
1099 595 1302 635 articulum
1328 599 1367 635 et
1395 608 1532 635 nomen

151 651 277 700 locum
304 660 436 699 habet.
492 659 678 700 Similiter
703 659 890 709 legimus:
932 661 993 704 Ar
1019 660 1044 698 3
1070 657 1131 696 ὅτε
1157 659 1282 708 φόβος
1307 659 1369 709 ἦτε
1395 658 1530 696 α’δικία

153 728 191 765 et
216 725 333 777 paulo
361 729 448 777 post
475 723 535 762 ὅτε
562 723 738 768 κίνδυνος
763 722 788 774 ἢ
815 737 853 761 τε
880 722 1052 775 αἰσχύνη.
1104 724 1150 763 In
1176 724 1237 764 his
1257 724 1379 764 tribus
1406 736 1534 764 exem·

151 790 226 842 plis
254 802 340 830 eam
366 790 570 829 verborum
605 789 898 829 collocationem
933 789 1131 839 videmus,
1170 793 1213 828 ut
1249 790 1390 840 verba,
1429 802 1529 840 quae
1569 782 1571 784 ’

152 856 460 908 conjunguntur,
514 855 619 895 nullo
664 855 742 895 alio
778 855 896 894 verbo
931 854 1159 906 interposito
1196 866 1281 894 sese
1321 854 1528 906 excipiant.

152 921 261 968 Quae
288 920 461 970 vulgaris
487 920 689 959 collocatio
715 920 834 959 etiam
859 920 901 958 in
926 920 988 959 his
1009 920 1140 959 verbis
1153 920 1363 960 invenitur:
1390 921 1450 968 Ββ
1477 921 1528 959 10

151 984 419 1035 ἀπολυόμενος
445 984 488 1023 δὲ
515 983 595 1025 ὑπό
618 997 655 1023 τε
681 984 745 1036 τὴς
769 982 961 1036 α’ληθείας
998 986 1075 1023 τῶν
1101 985 1359 1035 πραχθέντων
1384 981 1463 1025 ὖπό
1491 998 1529 1022 τε

151 1052 218 1090 τοῦ
244 1050 386 1100 νόμου;
427 1062 516 1089 nam
554 1051 675 1090 verba
702 1048 724 1100 ἧ
751 1049 924 1101 α’λήθεια
949 1052 1027 1087 τῶν
1052 1052 1309 1101 πραχθέντων
1334 1062 1452 1089 unam
1477 1049 1533 1089 ef-

150 1116 283 1157 ficiunt
325 1115 530 1156 notionem.
591 1115 678 1156 Uno
715 1117 844 1155 autem
888 1114 973 1155 loco
1013 1114 1212 1167 Antiphon
1248 1114 1387 1167 verba,
1431 1126 1532 1166 quae

150 1180 385 1231 conjungere
411 1180 505 1230 vult,
530 1180 586 1218 ita
614 1179 803 1229 collocat,
829 1182 872 1218 ut
899 1172 1069 1229 verbum,
1095 1179 1198 1228 quod
1224 1180 1277 1218 ad
1303 1179 1418 1219 ambo
1444 1191 1532 1231 per-

150 1246 284 1297 tineat,
311 1246 549 1297 interponat:
587 1245 648 1284 Βα
678 1246 697 1284 1
729 1243 812 1285 ὑπό
847 1258 885 1283 τε
920 1246 989 1283 τὸὐ
1017 1244 1139 1294 νόμον
1165 1245 1430 1295 κατακέκριται
1456 1242 1533 1284 ὑπό

148 1325 187 1349 τε
212 1314 287 1349 τῶν
313 1312 611 1362 ψηφισαμένων.
674 1311 776 1358 Quin
811 1310 929 1350 etiam
964 1310 1112 1362 majore
1149 1311 1275 1362 spatio
1303 1311 1530 1363 interposito

149 1377 270 1417 verba
297 1376 518 1429 conjungit:
545 1375 607 1415 Αδ
635 1377 654 1414 1
680 1374 780 1416 Ἰδοὺ
805 1375 880 1422 ἐγώ
907 1378 952 1430 τῇ
979 1389 1016 1413 τε
1043 1375 1192 1424 α’τυχίᾳ,
1222 1376 1270 1426 ἢν
1296 1375 1343 1414 οὐ
1371 1376 1532 1421 δικαίως

150 1441 344 1490 αἰτιῶμαι,
371 1440 423 1485 ὠς
449 1438 554 1481 οὗτοί
581 1451 714 1491 φασιν,
743 1440 842 1479 ἑκὼν
866 1440 1035 1489 ἐμαυτὸν
1048 1441 1252 1490 ἐγχειρίζω,
1278 1445 1321 1496 τῇ
1336 1444 1531 1481 τετούτων

149 1506 289 1556 ἔχθρᾳ.
342 1506 489 1546 Eodem
514 1506 627 1545 modo
656 1510 697 1545 ut
725 1505 801 1545 duo
834 1506 955 1545 verba
983 1506 1175 1557 particula
1202 1508 1241 1543 τέ
1267 1507 1328 1547 bis
1354 1508 1531 1559 repetita,

149 1572 266 1612 etiam
292 1572 367 1611 tria
393 1575 451 1611 ter
476 1571 605 1623 posita
635 1571 844 1622 conjungit,
871 1571 980 1612 cuius
1007 1572 1161 1622 generis
1181 1572 1257 1613 duo
1271 1573 1530 1624 pulcherrima

149 1638 326 1689 exempla
353 1637 533 1688 deinceps
559 1638 737 1688 leguntur
780 1638 832 1683 I'r
860 1638 896 1676 2.
962 1637 1126 1688 Saepius
1159 1638 1408 1677 inveniuntur
1443 1639 1530 1690 loci,

147 1704 189 1743 in
215 1703 351 1754 quibus
378 1702 453 1742 duo
480 1702 675 1742 enunciati
702 1702 873 1741 membra
913 1702 1112 1753 particulis
1148 1704 1278 1739 τέ-τέ
1319 1703 1529 1755 conjuncta

147 1774 255 1820 sunt,
294 1781 368 1820 quo
399 1769 440 1808 in
477 1781 618 1819 genere
655 1767 808 1807 dicendi
846 1768 1038 1819 particula
1065 1768 1288 1819 plerumque
1316 1770 1527 1810 secundum

146 1835 308 1874 membri
335 1834 460 1874 locum
487 1834 635 1873 obtinet
660 1838 728 1873 aut
754 1846 802 1873 ea
829 1834 968 1884 verba,
1013 1846 1112 1883 quae
1129 1864 1139 1884 ‚
1182 1846 1415 1884 quamquam
1442 1839 1526 1875 tota

145 1902 317 1942 membra
330 1901 529 1952 particulis
545 1900 840 1952 conjunguntur,
867 1905 996 1940 tamen
1014 1912 1107 1952 prae
1134 1900 1270 1940 ceteris
1296 1901 1438 1953 verbis,
1466 1901 1526 1942 his

145 1966 346 2018 particulis
382 1966 610 2016 efferantur,
648 1965 830 2015 sequitur.
910 1965 986 2004 Sed
1022 1965 1200 2016 permulti
1232 1965 1308 2005 loci
1342 1966 1399 2005 ita
1436 1971 1527 2006 sunt

146 2032 370 2083 comparati,
397 2035 438 2071 ut
463 2043 511 2071 ea
539 2031 675 2082 verba,
702 2043 803 2081 quae
828 2035 1068 2083 premantur,
1096 2032 1259 2083 primum
1284 2032 1444 2072 membri
1470 2033 1526 2073 lo·

145 2109 229 2139 cum
264 2097 476 2138 obtineant.
535 2097 598 2136 Ita
625 2096 791 2148 legimus
827 2096 891 2136 Aa
919 2097 940 2136 7
980 2095 1003 2148 ἤ
1042 2110 1080 2135 τε
1116 2099 1191 2147 γὰρ
1231 2097 1425 2147 ἐπιθυμία
1462 2101 1526 2150 τῆς

144 2164 326 2216 τιμωρίας
363 2162 571 2215 ἀμνήμονα
606 2165 682 2201 τῶν
718 2160 909 2201 κινδύνων
946 2164 1109 2214 καθίστη
1140 2161 1278 2211 αὐτόν,
1313 2162 1373 2203 ὅτε
1399 2164 1526 2215 φόβος

146 2243 229 2281 sqq.
279 2230 489 2269 Praeterea
515 2229 564 2268 cf.
590 2227 653 2268 Αδ
672 2229 722 2268 10
748 2228 866 2280 (bis);
894 2230 954 2277 Ββ
982 2230 1053 2279 11;
1080 2230 1137 2277 By
1164 2231 1186 2269 7
1200 2245 1211 2280 ς
1238 2230 1293 2277 Br
1320 2231 1366 2277 9;
1394 2230 1452 2268 Γδ
1476 2232 1524 2282 9;

145 2294 206 2343 Ast
232 2295 277 2346 73
320 2295 379 2344 Ββ
407 2294 457 2333 10
501 2292 618 2346 (bis).·,
662 2293 718 2340 By
746 2293 815 2344 123
859 2293 914 2342 Γβ
941 2293 989 2344 93
1039 2294 1092 2341 Γγ
1119 2294 1164 2344 1;
1213 2293 1270 2332 Γδ
1295 2294 1340 2345 63
1388 2295 1452 2334 Aa
1479 2296 1524 2336 3:

143 2363 192 2398 ‘to'
228 2361 258 2397 τ’
303 2359 480 2410 ἀσέβημα
515 2358 696 2409 ἡμέτερον
731 2359 910 2405 γίγνεται,
937 2359 1001 2408 τῆς
1027 2357 1255 2408 θ’ὖμετέρας
1282 2357 1475 2410 ἁμαρτίας
1501 2361 1524 2413 ἢ

146 2425 262 2476 ποινή
296 2437 378 2475 sqq.
412 2424 487 2464 hoc
522 2423 739 2475 exemplum
778 2423 854 2463 huc
889 2423 1131 2464 referendum
1164 2428 1243 2475 est,
1277 2437 1369 2465 nam
1403 2428 1525 2468 verba

145 2491 209 2541 τῆς
240 2488 424 2541 ὑμετέρας
461 2487 651 2539 ἁμαρτίας
690 2487 712 2539 ἢ
740 2490 858 2540 ποινή
893 2489 1005 2529 unius
1037 2490 1205 2530 notionis
1244 2490 1324 2530 vim
1368 2491 1525 2534 habent.

146 2555 288 2606 Omnia
313 2556 410 2596 haec
435 2554 613 2606 exempla
639 2554 946 2606 praeclarissime
972 2555 1170 2608 scriptoris
1183 2567 1294 2596 usum
1307 2558 1524 2600 ostendunt.

154 2621 234 2663 Sed
258 2634 337 2663 non
362 2633 513 2675 semper
538 2620 594 2661 ita
620 2631 668 2661 ea
693 2620 824 2674 verba,
850 2633 950 2672 quae
975 2621 1050 2662 sibi
1077 2621 1321 2676 respondent,
1345 2623 1388 2664 in
1412 2624 1524 2667 initio
