1695 2931
826 121 876 161 10

159 219 210 261 ad
237 223 356 263 verba
381 225 419 261 εἴ
441 237 479 262 τε
505 226 570 261 καὶ
597 222 709 275 ἁλοίη
736 225 923 276 pertinet,
949 225 1191 266 desideratur
1217 226 1431 277 particula,
1458 239 1536 277 qua

159 287 256 327 haec
276 288 396 328 verba
413 300 497 329 cum
514 289 651 339 verbis,
671 302 770 339 quae
784 290 1029 341 antecedunt,
1048 290 1343 341 conjungantur.
1395 292 1536 342 Quare,

158 349 191 393 si
220 354 417 394 nobiscum
445 360 684 406 reputamus,
721 359 759 395 et
795 356 835 394 in
873 355 933 395 his
961 357 1088 396 verbis
1115 368 1272 395 causam
1299 357 1536 407 superiorum

158 420 360 459 verborum
409 421 536 460 inesse
571 425 609 460 et
649 422 873 472 saepissime
911 421 1016 472 apud
1043 421 1306 473 Antiphonten
1340 422 1381 460 in
1420 434 1537 461 enun-

158 484 344 525 ciatorum
380 486 489 526 initio
517 487 727 538 particulas
752 488 792 524 τέ
818 490 857 526 et
883 487 959 536 γοὶρ
988 500 1072 527 esse
1100 487 1345 539 conjunctas,
1384 487 1532 539 conjec-

159 554 245 588 tura
286 550 418 600 ἤλπιζέ
460 566 497 588 τε
543 551 618 601 γάρ
661 552 763 591 haud
800 553 934 603 inepta
970 565 1054 592 esse
1089 552 1275 592 videatur.
1338 551 1536 599 Quomodo

158 620 287 655 autem
331 617 523 667 particula
554 618 630 665 γάρ
669 621 759 657 ante
801 616 894 655 τάδε
938 617 1117 657 excidere
1170 617 1336 677 potuerit
1380 622 1535 669 propter

136 675 353 720 'literarum
398 681 687 722 similitudinem
723 682 838 722 facile
885 683 1124 733 intelligitur.
1194 683 1236 722 Si
1273 695 1365 722 vero
1405 682 1538 732 ἤλπιζέ

157 760 194 785 π
238 747 311 796 γάρ
349 745 531 799 scriptum
572 759 657 788 esse
693 747 869 799 ponimus
902 748 1028 788 altera
1077 748 1279 788 verborum
1328 747 1537 788 difficultas

156 807 262 851 haud
320 812 478 852 difficile
536 813 618 852 tolli
663 817 799 865 potest.
878 815 978 853 Nam
1027 814 1119 864 quid
1163 813 1237 854 sibi
1282 813 1376 853 velit
1418 814 1537 864 parti-

157 877 244 917 cula
270 879 342 925 μέν
369 882 456 929 post
482 878 573 916 τάδε
599 892 675 918 non
702 879 877 930 intelligo
918 878 985 931 (cf.
1012 893 1050 930 p.
1077 880 1157 929 36).
1226 879 1361 929 Itaque
1389 878 1438 918 de
1464 878 1537 919 hoc

0 920 242 988 Afsoco
277 944 332 983 ita
364 944 617 995 judicandum
652 957 736 984 esse
762 949 875 996 puto:
911 945 1065 996 scripsit
1101 944 1298 996 Antiphon
1332 943 1465 995 ἤλπιζέ
1499 958 1537 982 τε

155 1010 231 1058 γὰρ
258 1008 351 1047 τάδε
379 1003 548 1058 δρα’σας,·
574 1015 774 1061 postquam
801 1022 892 1050 vero
920 1015 1075 1062 propter
1101 1011 1296 1050 literarum
1321 1010 1537 1050 similitudi-

157 1075 346 1126 nemyoie
374 1080 464 1115 ante
491 1074 583 1113 τάδε
612 1076 773 1127 excidit,
812 1076 993 1116 librarius
1020 1076 1189 1126 quidam,
1217 1076 1282 1126 qui
1308 1075 1536 1127 particulam

156 1141 196 1178 τέ
222 1140 272 1180 ad
301 1141 499 1192 superiora
526 1146 701 1193 spectare
727 1142 902 1192 putabat,
929 1141 1082 1181 addidit
1098 1141 1323 1191 particulam
1350 1142 1422 1189 μέν
1448 1145 1536 1191 post

155 1205 258 1257 τάδε,
289 1211 330 1245 ut
345 1206 545 1254 indicaret,
574 1207 670 1247 haec
681 1208 802 1247 verba
819 1211 993 1259 spectare
1012 1208 1064 1247 ad
1079 1220 1136 1255 ea,
1163 1219 1262 1257 quae
1276 1211 1536 1257 sequerentur.

262 1272 384 1310 Attuli
413 1285 545 1312 omnes
586 1273 715 1323 locos,
758 1274 822 1323 qui
858 1285 906 1313 ex
934 1273 1108 1312 codicum
1146 1272 1222 1312 fide
1263 1272 1537 1323 particularum

156 1337 195 1374 τέ
213 1358 264 1365 --
280 1342 317 1375 τέ
351 1338 659 1389 conjunctionem
691 1339 891 1390 praebent.
957 1338 1034 1378 Sed
1062 1338 1358 1377 clarissimorum
1385 1338 1537 1378 illorum

156 1401 363 1453 hominum,
391 1404 457 1454 qui
485 1404 627 1454 optime
654 1404 702 1443 de
729 1404 977 1455 Antiphontis
1014 1403 1252 1450 orationibus
1279 1404 1406 1443 meriti
1435 1408 1537 1455 sunt,

156 1471 239 1507 arte
276 1468 508 1508 emendandi
549 1470 743 1509 nonnullis
783 1470 878 1509 locis
914 1469 1134 1521 conjunctio
1169 1469 1237 1508 illa
1264 1470 1441 1509 restituta
1468 1475 1537 1510 est.

155 1534 246 1574 Jam
281 1534 463 1574 Reiskius
497 1535 640 1586 optime
675 1535 841 1586 conjecit
877 1536 932 1583 Γβ
959 1536 983 1574 6
1019 1535 1288 1583 ἀπολυόμενος
1325 1534 1368 1573 δὲ
1395 1534 1474 1576 ὑπό
1499 1549 1538 1574 τε

155 1602 222 1638 τοῦ
249 1597 373 1649 νόμου
401 1599 481 1638 ὑπό
507 1614 545 1638 τε
571 1602 638 1638 τοῦ
666 1601 865 1649 ἄρξαντος,
896 1613 994 1651 quae
1009 1601 1230 1652 conjectura
1257 1601 1432 1641 omnibus
1459 1613 1537 1642 uno

154 1666 375 1705 Maetznero
403 1670 564 1717 excepto
592 1667 785 1717 probatur.
838 1667 888 1704 Et
914 1667 1088 1706 Blassius
1120 1667 1160 1705 in
1187 1666 1356 1705 editione
1383 1678 1431 1705 ex
1459 1668 1537 1705 An-

154 1729 340 1782 tiphontis
369 1742 510 1781 genere
532 1730 687 1769 dicendi
715 1730 857 1782 optime
884 1731 1037 1782 scripsit
1062 1730 1123 1769 Aa
1153 1731 1202 1769 10
1228 1731 1282 1775 εἷς
1311 1729 1381 1782 (τε)
1408 1730 1454 1768 τοὶ
1481 1744 1534 1768 τε-

153 1797 250 1846 μένη
276 1798 351 1832 τῶν
380 1799 487 1832 θεῶν
512 1794 680 1832 εἰσιόντα
722 1820 763 1825 -
808 1796 873 1833 ἐπί
900 1810 937 1832 τε
964 1796 1032 1839 τοὶς
1054 1794 1175 1839 αὐτὰς
1200 1795 1389 1844 τραπέζας
1415 1796 1537 1834 ἰόντα.

154 1860 206 1899 Et
232 1860 268 1897 Γ
262 1874 284 1906 γ
312 1861 333 1899 7
363 1857 469 1910 ἡμεῖς
495 1859 540 1897 δέ
566 1860 631 1897 τόν
659 1860 730 1912 (τε)
757 1856 937 1897 θάνατον
966 1883 1012 1888 -
1058 1859 1126 1910 τήν
1151 1873 1189 1897 τε
1217 1858 1366 1911 πληγήν
1391 1881 1443 1888 -
1468 1860 1539 1898 τόν

153 1937 192 1961 τε
218 1924 372 1973 νόμον.4
416 1925 543 1964 Minus
570 1937 661 1964 vero
688 1925 763 1964 viri
801 1925 1015 1964 doctissimi
1043 1924 1262 1976 conjectura
1289 1925 1380 1963 mihi
1409 1925 1539 1976 placet

154 1989 217 2029 Ad
255 1991 300 2028 11
331 1988 429 2039 ὑπέρ
457 1991 526 2042 (τε)
561 1989 728 2038 ἐμαυτοῦ
760 1990 981 2040 ἐπισκήπτω
1021 1989 1224 2027 αἰδεῖσθαι
1259 2002 1343 2040 sqq.
1374 1988 1474 2039 ὑπέρ
1500 2003 1538 2028 τε

154 2059 220 2096 τοῦ
248 2054 546 2104 α’ποθανόντοςς
573 2069 663 2096 nam
690 2056 745 2096 ibi
772 2056 945 2098 codicum
973 2056 1087 2097 lectio
1114 2053 1210 2106 ὑπὲρ
1237 2055 1405 2104 ἐμαυτοῦ
1429 2055 1539 2094 ἐπισ-

154 2122 285 2174 κήπτω
314 2121 494 2160 uiderem
520 2134 602 2172 sqq.
636 2120 733 2169 ὑπὲρ
774 2122 817 2158 δὲ
853 2124 920 2160 τοῦ
959 2120 1237 2165 ἀποθανόντος
1263 2133 1344 2171 sqq.
1371 2122 1470 2162 bene
1495 2134 1539 2162 se

153 2189 299 2229 habere
326 2188 420 2228 mihi
447 2187 608 2228 videtur.
675 2188 848 2227 Aliorum
885 2188 1053 2228 locorum
1081 2185 1298 2227 emendatio
1327 2187 1538 2240 Spengelio

155 2255 325 2294 debetur.
380 2254 444 2305 (cf.
472 2267 520 2293 m.
547 2255 604 2293 rh.
633 2255 679 2292 17
708 2267 746 2304 p.
776 2254 880 2305 168).
932 2253 994 2292 Αδ
1011 2255 1030 2291 1
1058 2255 1101 2306 τῇ
1132 2251 1377 2305 (θ’)ὗμετέρᾳ
1403 2254 1537 2308 γνώμῃ

156 2321 201 2374 τῇ
228 2334 265 2358 τε
296 2318 478 2370 ἀληθείᾳ.
541 2319 591 2358 Et
617 2319 676 2367 Ββ
703 2318 727 2357 6
766 2321 805 2356 οἵ
838 2332 875 2356 τε
906 2322 981 2368 γὰρ
1017 2316 1300 2368 ἁμαρτάνοντες
1325 2341 1378 2348 -
1405 2322 1444 2358 οἵ
1469 2319 1540 2372 (τε)
1591 2335 1594 2338 ’

155 2384 328 2426 ἑκούσιόν
353 2400 387 2423 τι
414 2385 589 2433 δρῶντες.
655 2385 714 2432 Ββ
743 2385 767 2423 8
804 2386 849 2421 τό
877 2385 947 2435 (τε)
982 2384 1095 2432 ἔργον
1129 2383 1198 2432 οὐχ
1224 2383 1406 2435 ἡμέτερον
1430 2386 1475 2423 τό
1502 2399 1540 2423 π

156 2450 304 2495 πάθος.
368 2450 490 2490 Paulo
526 2450 686 2501 gravior
726 2453 785 2490 est
821 2449 1021 2502 Spengelii
1057 2449 1278 2502 conjectura
1313 2449 1380 2503 (cf.
1407 2463 1456 2490 m.
1483 2450 1539 2490 rh.

159 2517 208 2557 13
235 2530 272 2568 p.
298 2518 372 2557 231
403 2522 441 2557 et
468 2529 566 2567 quae
594 2517 789 2568 Sauppius
815 2517 863 2556 de
891 2517 964 2557 hoc
991 2517 1075 2556 loco
1107 2517 1201 2556 dicit
1227 2529 1287 2568 ep.
1318 2529 1368 2556 cr.
1405 2530 1444 2568 p.
1470 2517 1537 2567 71)

156 2581 219 2622 Αδ
247 2582 297 2621 10
323 2582 368 2618 τοὶ
397 2580 441 2619 δέ
467 2580 497 2619 τ’
522 2581 653 2620 εἰκότα
680 2580 730 2619 τοί
756 2582 787 2620 τ’
815 2580 919 2620 ἄλλα
955 2594 1040 2622 cum
1067 2581 1220 2622 codices
1259 2581 1306 2634 (Z
1334 2582 1374 2622 M
1401 2593 1538 2633 excep·
1578 2616 1580 2618 .

154 2649 222 2706 tis)
250 2648 385 2701 legant
411 2647 460 2687 ια’
489 2647 532 2686 δὲ
557 2647 685 2687 εἰκότα
713 2647 828 2688 ἄλλα.
886 2649 1036 2690 Tamen
1061 2662 1138 2691 non
1165 2661 1321 2701 possum
1347 2661 1424 2690 non
1452 2659 1538 2689 cum
