1695 2931
842 121 896 164 46

280 226 612 280 Praepositionem
638 226 811 278 sequitur
837 228 884 278 V,
912 228 959 278 83
986 228 1033 279 93
1059 229 1124 269 63.

281 294 341 333 Ab
369 294 443 332 hac
469 292 623 342 vulgari
656 293 870 344 particulae
897 294 1151 333 collocatione
1184 294 1370 333 recedunt
1395 293 1560 344 primum

177 358 296 399 verba
318 358 404 410 VI,
438 358 509 398 26:
549 357 592 404 ἐξ
631 355 688 395 ὦν
711 369 754 406 γε
792 356 859 410 (cf.
895 358 927 410 Ι,
954 358 976 398 7
1005 359 1095 408 περί
1118 357 1155 405 γ’
1180 355 1264 411 ὤν).
1328 358 1427 397 Tum
1466 368 1559 398 vero

175 425 345 464 maxime
371 429 571 475 poetarum
613 436 719 463 more
754 436 847 463 usus
882 425 1039 475 scripsit
1065 424 1284 475 Antiphon:
1317 424 1364 474 V,
1388 424 1416 462 4
1458 422 1561 467 εῖκός

174 490 250 539 γὰρ
284 488 328 527 ἐν
360 486 530 538 ἀνδράσι
561 500 603 534 γε
642 486 815 534 ἀγαθοῖς
854 499 936 539 sqq.
999 487 1190 537 ἀνδράσιν
1238 486 1411 534 α’γαθοτς
1443 499 1562 527 unam

175 559 326 594 tantum
363 554 537 593 efficiunt
571 544 789 604 notione'mt,
829 554 932 604 quod
967 555 1001 594 si
1038 555 1082 594 fit
1116 559 1256 606 poetae
1289 554 1446 606 saepius
1471 566 1559 605 par·

175 620 335 660 ticulam
360 620 404 666 γέ
430 619 600 658 mediam
626 619 877 670 interponunt
903 618 969 671 (cf.
984 619 1226 670 Hartungius
1249 619 1273 658 l.
1301 630 1333 658 c.
1348 619 1379 657 Ι.
1404 630 1443 670 p.
1468 618 1559 669 414,

176 687 243 737 qui
269 685 456 726 nonnulla
480 685 659 736 exempla
685 684 870 737 collegit).

283 748 461 800 Denique
490 762 539 788 ex
560 761 615 789 or.
628 749 693 788 VI.
720 748 822 789 duae
848 750 1122 801 particularum
1148 749 1439 801 conjunctiones
1464 748 1559 788 affe·

177 815 323 856 rendae
350 818 459 865 sunt,
501 826 602 864 quae
635 814 675 853 in
714 826 768 853 or.
795 814 841 854 V.
869 827 949 855 non
975 816 1171 865 leguntur:
1209 817 1304 862 γοῦν
1330 818 1369 854 et
1394 814 1478 852 ἐπεί
1503 819 1562 852 wc

174 894 216 929 γε
243 882 310 918 καί
336 892 497 930 quarum
532 879 637 930 prior
673 879 868 918 invenitur
893 879 935 918 in
962 882 986 929 ξ
1015 881 1058 918 1:
1095 882 1203 919 τοῦτο
1228 881 1324 927 γοῦν
1349 877 1559 930 undasne,-

162 932 366 998 *posterior
399 945 441 984 in
468 947 493 993 ἓ
517 945 561 983 9:
597 944 682 982 ἐπεί
720 945 777 982 τοί
813 958 855 991 γε
891 946 957 982 καὶ
993 943 1125 983 δεινόν
1161 944 1247 996 (sed
1281 944 1372 984 vide
1406 957 1445 996 p.
1478 943 1560 995 49).

282 1011 371 1051 Uno
396 1010 481 1049 loco
507 1009 704 1060 Sauppius
735 1009 964 1060 particulam
990 1009 1247 1061 75‘restituit,
1282 1010 1331 1050 de
1368 1021 1444 1060 quo
1477 1009 1559 1048 iam

177 1089 295 1128 supra
323 1075 491 1114 diximus
518 1087 554 1125 p.
582 1074 645 1113 23.
697 1074 827 1113 Etiam
864 1074 971 1113 illum
999 1075 1146 1126 locum,
1181 1075 1249 1114 ubi
1275 1074 1445 1114 Cobetus
1471 1086 1559 1126 par·

176 1142 337 1182 ticulam
354 1141 398 1187 γέ
424 1140 579 1189 delevit,
604 1139 683 1178 iam
706 1139 1085 1179 commemoravimus
1110 1152 1148 1191 p.
1164 1141 1226 1179 39.
1266 1141 1403 1180 Restat
1427 1139 1558 1191 igitur,

177 1211 221 1248 ut
247 1219 314 1247 eos
341 1206 446 1246 locos
473 1205 700 1256 afferamus,
738 1204 804 1255 qui
829 1204 975 1245 codicis
1001 1205 1036 1245 N
1073 1205 1303 1246 auctoritate
1327 1205 1558 1257 particulam

180 1273 224 1320 γέ
250 1268 477 1324 praebeant,
504 1282 590 1309 cum
618 1270 736 1310 ceteri
763 1269 918 1310 codices
949 1282 1082 1310 omnes
1110 1282 1197 1310 eam
1224 1271 1423 1311 omittant:
1459 1271 1507 1322 V,
1534 1272 1558 1310 9

176 1335 285 1376 αὐτοὶ
310 1334 414 1375 οὖτοι
441 1334 576 1373 τούτου
605 1336 684 1384 (γε)
710 1333 900 1385 μάρτυρες
923 1335 1151 1386 γεγένηνται.
1205 1336 1256 1374 Et
1281 1335 1328 1386 V,
1361 1336 1418 1388 27,
1450 1338 1557 1385 εἴπερ

177 1403 255 1453 (γε)
282 1401 334 1451 μὴ
360 1402 467 1439 πάνυ
494 1399 629 1451 πόρρω
657 1397 841 1450 ἀπῆλθεν
867 1397 947 1437 α’πό
978 1401 1042 1450 τῆς
1069 1398 1285 1450 θαλάσσης.

284 1467 392 1505 Haec
420 1464 555 1515 habui,
590 1476 689 1514 quae
717 1463 766 1503 de
792 1464 986 1515 particula
1011 1465 1055 1510 γέ
1090 1464 1269 1505 dicerem.
1321 1464 1400 1505 Sed
1432 1465 1558 1516 prius-

177 1544 293 1582 quam
326 1531 434 1570 illam
465 1529 736 1580 relinquimus,
774 1540 900 1580 pauca
936 1532 1071 1569 contra
1101 1529 1340 1580 Wagnerum
1375 1529 1557 1570 addenda

175 1601 276 1638 sunt.
329 1596 434 1635 Dicit
460 1595 562 1635 enim
589 1595 631 1646 (l.
657 1606 689 1634 c.
716 1606 753 1645 p.
778 1594 847 1646 26)
875 1606 962 1634 cum
987 1594 1069 1635 alia
1094 1598 1175 1635 tum
1201 1594 1323 1635 hacc:
1361 1595 1444 1647 „La
1469 1607 1557 1647 par·

175 1662 293 1703 ticule
317 1662 383 1709 γέ,
425 1661 538 1712 qu’on
572 1663 774 1700 rencontre
809 1663 934 1700 trente
969 1663 1009 1700 et
1043 1672 1120 1700 une
1153 1660 1229 1701 fois
1263 1660 1397 1713 (immo
1432 1661 1492 1701 bis
1519 1664 1559 1701 et

174 1728 317 1778 tricies,
341 1726 517 1776 neglexit
542 1725 644 1765 enim
671 1725 900 1776 particulam
927 1725 968 1765 in
995 1727 1020 1775 ἓ
1047 1725 1115 1777 61)
1143 1726 1242 1766 dans
1268 1725 1359 1767 l’Or.
1388 1726 1435 1778 V,
1460 1728 1558 1767 n’est

176 1792 379 1845 employee
406 1803 480 1842 que
514 1791 575 1831 six
611 1790 686 1831 fois
724 1790 916 1843 (neglexit
941 1795 984 1838 γέ
1007 1791 1048 1830 in
1075 1790 1099 1843 ξ
1128 1790 1196 1844 26)
1217 1790 1322 1831 ’dans
1347 1790 1437 1832 l'Or.
1463 1790 1553 1843 VI,“

176 1859 316 1909 quibus
342 1856 472 1896 verbis
495 1856 615 1895 utitur
634 1855 687 1894 ad
713 1856 946 1895 sententiam
962 1868 1073 1895 suam
1094 1857 1397 1896 confirmandam
1411 1857 1558 1908 (studet

175 1923 279 1963 enim
305 1921 584 1967 demonstrare,
624 1932 678 1959 or.
706 1920 772 1959 VI.
800 1920 1031 1974 Antiphonti
1065 1932 1144 1960 non
1169 1932 1255 1961 esse
1279 1920 1554 1972 tribuendam).

177 1988 257 2029 Sed
293 1987 334 2026 hi
370 1991 409 2025 et
441 1985 606 2035 similes,
647 1997 742 2035 quos
777 1985 912 2036 affert,
952 1986 1102 2025 numeri
1140 1986 1245 2038 apud
1281 1987 1557 2039 Antiphontem

177 2053 335 2105 quidem
367 2051 464 2090 nihil
492 2050 773 2100 demonstrant,
811 2062 898 2089 cum
934 2050 1017 2090 eius
1051 2050 1338 2103 discrepantiae
1370 2064 1491 2092 causa
1515 2052 1557 2090 in

176 2119 265 2172 ipsa
301 2117 551 2169 Antiphontis
588 2115 780 2155 scribendi
820 2116 970 2155 ratione
1005 2116 1133 2167 posita
1166 2117 1228 2156 sit.
1280 2117 1413 2157 Facile
1453 2117 1557 2157 euim

172 2185 439 2235 intelligimus,
467 2194 600 2222 omnes
630 2181 844 2232 orationes,
871 2181 988 2221 etiam
1015 2181 1206 2232 quintam,
1242 2195 1358 2233 quam
1383 2182 1559 2223 nonnulli

174 2249 352 2290 homines
379 2246 482 2286 docti
499 2258 616 2285 unam
644 2244 804 2295 dignam
822 2248 971 2296 putant,
999 2256 1099 2296 quae
1111 2245 1340 2298 Antiphonti
1355 2246 1557 2297 tribuatur,

176 2314 334 2354 minime
361 2324 447 2352 esse
474 2312 673 2362 elegantes
700 2314 818 2360 atque
834 2310 1057 2361 pel-politas.
1109 2311 1211 2350 Nam
1237 2323 1339 2361 qnae
1365 2312 1556 2362 particula

175 2379 290 2420 modo
317 2378 353 2418 ei
380 2377 421 2417 in
448 2381 576 2416 mente
603 2379 704 2427 erat,
732 2388 820 2416 eam
845 2375 1072 2427 saepissime
1099 2376 1316 2428 usurpavit,
1346 2380 1427 2417 tum
1453 2389 1557 2428 vero,

175 2444 289 2496 quasi
324 2441 511 2482 memoria
545 2441 628 2480 eius
665 2440 838 2492 objecta,
873 2440 1030 2480 omnino
1065 2440 1148 2480 fere
1182 2441 1368 2492 neglexit.
1419 2441 1556 2491 Itaque

174 2511 218 2551 in
241 2509 329 2561 ipsa
356 2521 410 2548 or.
439 2508 484 2546 V.
511 2507 611 2546 hanc
636 2506 762 2558 ipsam
789 2506 1021 2558 particulam
1049 2507 1093 2552 γέ
1118 2518 1188 2558 per
1214 2505 1425 2546 duodecim*
1442 2517 1556 2557 para-

176 2574 349 2627 graphos
389 2573 431 2624 (ξ
467 2573 517 2612 29
543 2594 597 2601 -—
623 2574 648 2621 ἓ
673 2571 743 2622 40)
784 2583 834 2611 ne
873 2571 993 2611 semel
1034 2570 1190 2622 quidem
1228 2570 1403 2622 legimus.
1455 2571 1555 2610 Tum

174 2639 367 2695 particula
405 2636 541 2689 ἐπειδή
579 2638 620 2678 in
658 2650 713 2679 or.
739 2637 786 2677 V.
822 2636 1048 2690 quindecies
1087 2636 1305 2689 invenitur,
1345 2640 1475 2677 tamen
1513 2634 1554 2674 in
