1695 2931
798 92 849 134 47

136 197 393 257 paragraphis
422 197 562 237 1-21
591 200 631 238 et
656 196 833 237 55—96
859 197 976 237 semel
1010 199 1158 237 tantum
1191 201 1330 238 exstat.
1383 198 1511 240 Simili

135 266 249 309 modo
274 265 317 305 in
343 276 395 305 or.
410 262 477 303 VI.
503 261 695 314 particula
720 261 855 312 ἐπειδή
880 262 922 302 in
948 264 998 312 ἐξ
1027 263 1155 303 1-10
1181 267 1220 303 et
1242 263 1397 305 45-51
1426 277 1505 305 non
1570 263 1573 266 ’

135 333 310 384 apparet.
363 329 498 377 Neque
524 327 638 365 aliter
673 338 736 365 res
763 338 805 365 se
834 326 951 365 habet
975 327 1016 365 in
1045 341 1098 366 or.
1125 328 1176 378 1.,
1202 329 1242 367 in
1271 341 1349 378 qua
1375 330 1507 369 omnia

136 395 313 447 exempla
340 392 583 433 continentur
609 391 650 431 in
671 391 930 443 paragraphis
960 392 1139 432 11—20.
1190 392 1341 433 Deinde
1366 393 1509 445 legitur

133 460 325 514 particula
364 459 422 495 τοί
460 461 596 507 quater
635 456 816 507 deinceps
856 457 897 494 in
932 468 985 495 or.
1018 457 1063 495 V.
1090 460 1114 504 ξ
1150 458 1219 507 91,
1247 459 1317 505 94,
1343 459 1413 509 95,
1442 461 1507 511 96,

132 528 335 580 praeterea
361 520 481 563 semel
516 515 676 561 tantum.
728 520 774 561 In
802 532 857 561 or.
883 520 948 560 VI.
975 532 1095 572 usque
1130 520 1181 560 ad
1218 522 1505 576 paragraphum

133 592 184 631 33
210 589 337 629 sexies
352 587 540 637 reperitur
565 588 638 634 μὲν
665 584 747 634 οὖν,
775 598 971 635 nunquam
990 586 1075 625 sola
1101 587 1290 635 particula
1307 586 1398 634 οὖνς
1424 594 1504 628 tum

131 666 223 697 vero
247 665 273 693 a
299 654 324 702 ἓ
351 651 403 691 34
429 662 491 690 res
519 649 635 702 plane
668 661 711 690 se
746 649 956 702 convertit,
993 662 1085 689 nam
1109 651 1180 698 μὲν
1206 648 1277 688 οὖν
1302 664 1352 692 ne
1388 653 1506 694 semel

130 719 285 770 quidem
311 721 493 768 apparet,
533 720 666 755 contra
701 720 837 766 quater
870 716 956 755 sola
989 716 1181 766 particula
1216 714 1294 755 οὖν.
1339 718 1424 769 Et,
1463 723 1506 758 ut

130 795 179 824 ex
205 781 421 831 tetralogiis
455 779 628 820 eiusdem
662 780 824 819 rationis
852 779 1030 830 exempla
1057 779 1237 830 afferam,
1271 792 1504 832 quamquam

128 848 170 887 in
195 845 412 895 tetralogiis
435 844 531 884 nihil
558 844 661 884 ferre
683 845 837 895 saepius
863 844 1058 884 invenitur
1085 856 1199 894 quam
1226 846 1502 896 particularum

128 911 259 950 ιέ-τέ
285 908 504 960 responsio,
547 912 678 948 tamen
705 921 759 948 or.
787 907 846 948 Βδ
872 921 921 948 ne
949 921 1066 948 unum
1103 908 1258 959 quidem
1285 911 1503 963 exemplum

126 976 308 1028 praebet,
341 986 459 1024 quam
492 986 573 1013 rem
611 974 689 1013 iam
716 974 947 1025 Spengelins
983 974 1080 1013 vidit
1116 979 1232 1025 atque
1259 977 1409 1016 monuit
1435 977 1501 1029 (ef.

127 1053 222 1081 mus.
246 1040 303 1080 rh.
332 1040 377 1078 17
405 1052 442 1090 p.
471 1039 574 1091 167).
629 1040 688 1078 De
715 1039 974 1079 cumulatione
998 1040 1212 1090 particulae
1239 1040 1304 1092 δέ,
1331 1054 1431 1092 quae
1458 1043 1499 1082 in

126 1119 180 1147 or.
207 1104 269 1144 Ad
293 1104 506 1154 invenitur,
538 1115 656 1154 supra
682 1104 875 1154 copiosius
911 1103 1097 1154 diximus3
1134 1108 1267 1144 contra
1295 1106 1335 1144 in
1361 1119 1414 1146 or.
1439 1108 1498 1144 Γα

125 1182 175 1211 ne
202 1182 278 1210 uno
305 1169 459 1220 quidem
486 1169 572 1208 loco
608 1167 692 1208 sola
728 1168 917 1219 particula
944 1166 988 1205 δέ
1012 1173 1241 1219 usurpatum
1279 1169 1336 1221 (in
1362 1171 1500 1211 ceteris

125 1235 365 1277 orationibus
400 1233 560 1273 totidem
596 1233 678 1272 fere
713 1234 927 1284 particulae
963 1233 1008 1271 δέ
1042 1234 1220 1285 exempla
1256 1239 1348 1284 quot
1380 1237 1499 1287 parti-

125 1300 296 1341 cularum
321 1296 493 1348 μέν-δέ
528 1297 802 1348 inveniuntur).
868 1297 978 1345 Quae
1015 1310 1099 1337 eum
1132 1298 1189 1337 ita
1223 1299 1319 1347 sint,
1353 1311 1402 1340 ex
1428 1300 1498 1340 illa

124 1365 339 1406 orationum
375 1363 636 1414 discrepantia
669 1362 817 1401 nullum
843 1366 1111 1412 argumentum
1148 1368 1282 1403 contra
1309 1366 1497 1416 originem

123 1433 162 1469 et
187 1428 455 1468 auctoritatem
481 1427 665 1467 orationis
691 1431 827 1467 sextae
854 1427 1023 1466 derivari
1049 1432 1187 1478 potest.

226 1493 305 1535 Sed
329 1505 538 1544 pergamus
566 1491 620 1532 ad
645 1492 735 1532 alia.

490 1836 493 1839 ‚
647 1771 811 1833 caput
837 1771 949 1821 vll.

408 1887 478 1932 De
506 1886 732 1945 particulis
762 1892 839 1942 τοί,
871 1893 1019 1938 καίτοι,
1054 1892 1211 1940 μέντοι.

221 2014 417 2054 Particula
443 2015 503 2051 τοί
529 2013 570 2052 in
597 2012 796 2052 codicibus
832 2012 933 2051 male
967 2011 1110 2051 tradita
1144 2015 1213 2051 est.
1264 2013 1389 2063 Atque
1414 2013 1492 2065 pri-

116 2091 220 2120 mum
233 2079 387 2130 quidem
405 2078 446 2118 in
464 2077 681 2128 tetralogiis
707 2077 821 2116 lectio
840 2077 922 2117 eius
948 2077 1035 2128 loci,
1061 2077 1127 2127 qui
1141 2079 1247 2116 'unus
1264 2077 1491 2128 particulam

116 2145 173 2182 τοί
198 2145 379 2196 praebet,
414 2144 563 2183 incerta
589 2146 658 2182 est.
709 2142 810 2182 Nam
838 2142 888 2188 Γγ
913 2142 939 2180 5
965 2142 1070 2181 ΑΒΝ
1096 2141 1257 2180 habent:
1292 2141 1328 2178 εἰ
1353 2141 1399 2179 δέ
1431 2155 1490 2180 τοι

115 2211 180 2246 καὶ
204 2209 280 2249 {md
308 2211 375 2247 τοῦ
400 2208 534 2255 ἰατροῦ
558 2205 766 2244 α’πέθανεν
793 2204 846 2249 ὥς
872 2204 943 2243 οὐκ
971 2204 1176 2243 ἀπέθανεν
1189 2217 1271 2254 sqq.
1284 2206 1325 2244 in
1351 2207 1489 2247 ceteris

115 2278 244 2315 autem
270 2273 465 2314 codicibus
491 2272 676 2322 scriptum
698 2274 756 2312 est
783 2270 818 2307 δ’
846 2271 898 2308 ἔτι
925 2270 987 2309 vel
1014 2269 1059 2307 δέ
1080 2283 1114 2307 τι
1137 2270 1253 2321 (ΖΜ).
1305 2270 1488 2313 Reiskius

115 2341 154 2377 et
180 2338 399 2390 Stephanus
424 2337 653 2376 invenerunt
678 2335 719 2374 in
746 2334 943 2374 codicibus
970 2334 1003 2371 δ’
1032 2334 1103 2384 ἔτι,
1132 2346 1247 2384 quam
1283 2335 1486 2377 lectionem

113 2403 296 2444 Reiskius
324 2403 382 2455 (in
408 2401 467 2441 ed.
493 2414 530 2452 p.
558 2398 652 2450 644)
679 2399 739 2438 his
765 2399 891 2438 verbis
918 2398 1200 2450 comprobavit:
1243 2399 1487 2452 „Stephanus

112 2467 269 2509 volebat
295 2467 330 2507 εἰ
357 2467 402 2506 δέ
418 2481 463 2513 τι,
491 2478 564 2518 ego
591 2463 799 2516 aliquando
821 2464 1013 2504 malebam
1039 2464 1074 2502 εἰ
1101 2463 1145 2501 δέ
1162 2477 1240 2512 wo,-
1267 2477 1369 2507 nune
1394 2479 1487 2509 vero

113 2544 251 2574 censeo
286 2534 385 2574 bene
421 2532 567 2572 habere
601 2530 838 2581 vulgatam.“
895 2531 1042 2569 Tamen
1069 2542 1202 2570 omnes
1232 2532 1488 2574 recentiorum

111 2600 326 2651 temporum
365 2597 532 2638 editores
574 2596 802 2647 optimorum
841 2595 1015 2635 codicum
1042 2595 1248 2636 lectionem
1287 2597 1323 2634 et
1358 2596 1404 2635 δέ
1429 2612 1487 2638 wo
