1695 2931
767 117 820 157 25

109 231 263 282 parata,
288 230 331 267 ut
356 239 415 278 ea,
442 238 543 278 quae
569 223 820 275 antecedunt,
845 222 1226 275 comprehendantur.
1287 217 1477 268 Quodam·

111 291 225 332 modo
259 303 344 330 cum
379 291 440 330 his
474 289 661 341 exemplis
701 289 735 328 is
775 287 986 340 particulae
1021 299 1112 326 usus
1148 284 1311 326 conferri
1341 283 1482 335 potest,

112 360 155 397 ut
180 356 237 395 eis
263 355 391 395 verbis
405 385 415 405 ‚
459 366 559 405 quae
595 366 617 393 e
644 353 906 405 superioribus
933 355 1170 403 repetuntur,
1207 349 1393 398 addatur3
1433 347 1483 387 cf.

112 423 171 469 Ββ
196 421 222 460 2
248 419 311 458 ὑπ’
340 419 455 469 αὐτῆς
480 421 544 469 τῆς
569 419 773 468 συμφορᾶς
799 417 1029 468 ἠναγκάσθη
1055 430 1126 466 —3
1150 414 1225 454 ὑπὸ
1252 415 1294 452 δὲ
1316 412 1484 466 σκληρᾶς

111 485 283 536 α’νᾶγκης
307 483 537 533 βιαζόμενος
563 488 601 524 et
624 483 685 531 Ββ
711 484 786 534 10;
813 482 870 521 Γδ
894 483 930 522 3.

217 551 265 589 In
292 563 346 589 or.
373 551 403 589 Ι.
429 550 509 589 tale
537 549 630 599 quid
655 561 733 588 non
759 548 964 602 invenitur.

217 615 426 654 Praeterea
463 614 653 664 particula
689 612 732 651 δέ
765 612 871 652 haud
913 611 1048 663 paucis
1082 612 1176 651 locis
1211 613 1267 651 ita
1293 616 1351 651 est
1378 624 1484 652 usur-

115 683 221 732 pata,
247 683 290 719 ut
317 679 524 719 enunciata
550 678 778 728 interjecta,
819 678 881 717 vel
908 678 1047 726 verba,
1075 690 1173 726 quae
1199 678 1238 715 in
1267 674 1488 726 parenthesi

115 743 306 793 leguntur,
332 755 419 782 cum
445 742 707 794 superioribus
734 741 862 781 verbis
889 740 1111 792 conjungat.
1164 740 1316 791 Optime
1343 740 1392 780 de
1418 741 1488 780 hoc

117 820 188 848 usu
216 808 310 847 dicit
336 809 578 858 Hartungius
615 807 756 859 (Lehre
790 820 867 847 von
901 806 976 846 den
1003 807 1199 857 partikeln
1232 807 1301 845 der
1327 802 1488 856 griechi—

117 874 233 914 schen
259 873 424 924 sprache
451 874 471 912 Ι
496 886 534 924 p.
551 872 662 925 167):
693 872 790 925 „Die
815 872 986 923 partikel
1013 871 1154 922 knlipft
1171 871 1399 910 erklarende
1426 883 1489 910 zu-

117 941 224 978 siitze
251 936 344 976 oder
371 937 626 978 einschiebsel
653 950 716 988 an,
745 949 804 976 wo
832 949 923 976 man
950 936 1036 976 eine
1059 935 1293 976 deutlichere
1321 934 1400 975 und
1426 935 1490 974 be-

116 1003 324 1042 stimmtere
351 1003 603 1053 verbindung,
631 1006 732 1042 etwa
757 1001 843 1052 γοῖρ,
871 1005 1061 1041 erwarten
1088 1000 1237 1040 sollte“.
1295 1001 1380 1039 Huc
1405 1012 1490 1051 per-

116 1068 240 1107 tinent
265 1068 362 1108 haec
388 1069 680 1119 tetralogiarum
707 1072 745 1108 et
771 1068 957 1108 orationis
983 1067 1132 1119 primae
1147 1067 1343 1118 exempla:
1370 1067 1431 1114 Αβ
1447 1067 1490 1116 63

118 1134 171 1179 rr
196 1133 244 1182 43
280 1134 344 1172 Aa
371 1135 416 1183 83
459 1134 589 1184 1,12;
629 1134 689 1173 13.
1308 1125 1312 1128 ’

221 1197 356 1238 Simile
382 1199 627 1239 enunciatum
662 1199 857 1240 invenitur
882 1199 944 1239 Αδ
970 1200 1015 1250 9,
1048 1199 1113 1239 ubi
1139 1198 1221 1239 cod.
1247 1199 1283 1238 N
1309 1197 1491 1249 praebet:

119 1269 197 1306 τοῖς
223 1263 267 1300 δὲ
292 1263 511 1311 εὐτυχοῦσιν
540 1263 751 1313 ἀτρεμίζειν
777 1266 843 1301 καὶ
870 1264 1082 1315 φυλάσσειν
1106 1264 1173 1314 τὴν
1199 1264 1402 1310 παροῦσαν
1427 1259 1491 1299 εὗ-

119 1328 302 1377 πραγίαν.
365 1330 659 1378 μεθισταμένων
682 1330 757 1379 γάρ
783 1333 859 1368 τῶν
886 1328 1122 1379 πραγμάτων
1148 1328 1339 1376 δυστυχεῖς
1365 1327 1407 1373 ἐξ
1432 1325 1492 1367 εὖ·

118 1394 334 1440 τυχούντων
377 1395 641 1432 καθίστανται.
722 1394 851 1433 Ceteri
890 1394 1000 1433 codd.
1036 1394 1180 1433 habent
1214 1393 1259 1430 δέ
1294 1404 1363 1444 pro
1404 1389 1491 1439 γάῤ·

120 1457 334 1509 Utrumque
367 1458 462 1498 ferri
496 1463 631 1511 potest.
698 1460 847 1500 Tamen
880 1459 925 1498 δέ
956 1459 1250 1511 praete-rendum
1277 1462 1357 1508 est3
1401 1469 1492 1496 nam

120 1522 239 1563 etiam
264 1523 343 1564 alio
370 1524 483 1564 huius
509 1525 749 1577 paragraphi
783 1525 867 1565 loco
903 1525 1025 1565 codex
1050 1526 1086 1565 N
1112 1524 1335 1564 correctoris
1369 1523 1493 1562 cuius·

120 1587 210 1628 dam
240 1589 448 1640 vestigium
474 1591 654 1630 ostendit.
708 1590 804 1632 Cum
832 1591 934 1631 enim
956 1591 1073 1632 ceteri
1100 1590 1251 1631 codices
1279 1588 1495 1640 praebeant

119 1660 197 1699 τοῖς
221 1654 297 1703 νᾶρ
324 1653 514 1703 ἀτυχοῦσι,
542 1656 583 1695 in
609 1656 694 1696 cod.
716 1658 752 1696 N
777 1657 970 1696 invenitur
1001 1662 1079 1701 τοῖς
1103 1658 1176 1706 μὲν
1201 1655 1274 1706 γὰρ
1302 1653 1493 1705 ἀτυχοῦσι,

108 1731 354 1769 'quamquam
388 1723 546 1772 propter
585 1721 698 1761 huius
734 1722 921 1763 orationis
958 1726 1137 1763 naturam
1177 1722 1261 1762 sola
1303 1721 1495 1774 particula

120 1783 196 1833 γάρ
223 1784 339 1835 longe
365 1784 620 1836 praeferenda
645 1791 715 1827 est.
783 1788 883 1827 Nam
908 1788 1006 1828 haec
1032 1788 1119 1840 ipsa
1145 1788 1267 1828 oratio
1296 1787 1355 1827 Αδ
1380 1800 1428 1827 ea
1451 1799 1494 1827 re

120 1849 170 1888 ab
205 1850 382 1890 omnibus
413 1851 651 1892 orationibus
687 1852 855 1903 recedit,
893 1853 996 1905 quod
1022 1854 1297 1906 particularum
1323 1853 1494 1903 μέν-δέ

120 1915 409 1966 responsionem
442 1917 644 1967 quinquies
686 1921 837 1958 tantum
863 1920 1051 1971 ostendit,
1083 1931 1169 1959 cum
1195 1920 1279 1960 sola
1305 1919 1496 1971 particula

122 1977 167 2016 δέ
191 1983 251 2019 ter
277 1984 315 2020 et
340 1980 461 2021 vicies
487 1981 718 2022 inveniatur.
772 1983 894 2024 Multa
907 1996 999 2025 vero
1026 1985 1204 2036 exempla
1231 1984 1497 2025 demonstrant

121 2045 265 2096 optime
302 2058 351 2086 ex
386 2047 635 2098 Antiphontis
668 2049 824 2088 dicendi
868 2062 1011 2100 genere
1049 2050 1126 2090 dici
1161 2063 1275 2102 posse
1317 2056 1395 2095 τοτς
1418 2051 1494 2100 γὰρ

121 2108 303 2158 α’τυχοῦσι
329 2134 382 2141 -
408 2117 485 2156 τοῖς
520 2111 564 2150 δὲ
601 2111 797 2161 εὐτυχοῦσι
832 2114 895 2166 (cf.
921 2128 959 2166 p.
987 2116 1066 2167 26).
1134 2116 1271 2165 Itaque
1304 2119 1418 2166 puto,
1455 2117 1495 2154 et

120 2175 372 2216 mutationem
388 2177 603 2227 particulae
630 2176 674 2215 δέ
700 2178 741 2217 in
762 2181 840 2229 γάρ
867 2183 906 2218 et
919 2181 1121 2219 verborum
1146 2186 1225 2223 τοῖς
1248 2180 1323 2228 γάρ
1350 2181 1390 2218 in
1416 2185 1495 2223 τοῖς

120 2240 193 2288 μὲν
217 2240 294 2292 γάρ
321 2241 448 2282 eidem
464 2242 611 2282 homini
629 2242 740 2284 docto
757 2256 842 2284 esse
859 2244 1112 2285 tribuendam.
1164 2244 1337 2297 Adjuvat
1363 2249 1493 2285 autem

121 2317 246 2346 meam
273 2308 521 2358 sententiam,
561 2308 663 2359 quod
703 2309 820 2349 etiam
859 2309 964 2361 apud
999 2310 1097 2350 alios
1125 2310 1331 2362 scriptores
1357 2310 1494 2350 eodem

120 2370 234 2412 modo
260 2373 451 2425 particula
479 2373 523 2411 δέ
549 2373 590 2413 in
616 2375 690 2424 γάρ
717 2374 931 2427 depravata
958 2380 1017 2417 est
1049 2376 1115 2428 (cf.
1140 2376 1352 2417 Reinoldus
1377 2377 1493 2417 Klotz

120 2435 162 2474 in
196 2438 513 2479 adnotationibus
553 2439 605 2479 ad
639 2440 826 2480 Matthaei
865 2442 1026 2482 Devarii
1065 2442 1205 2483 librum
1239 2442 1288 2483 de
1327 2454 1495 2494 graecae

120 2499 278 2552 linguae
303 2504 502 2555 particulis
527 2518 565 2557 p.
592 2506 670 2545 362
697 2506 781 2558 sq.).

224 2568 442 2620 Singularis
477 2583 569 2612 usus
607 2572 801 2613 invenitur
835 2573 866 2625 I,
894 2574 919 2613 9
959 2573 987 2611 ἃ
1024 2573 1180 2629 συνῄδει
1215 2576 1279 2612 καὶ
1306 2574 1494 2626 πρότερον

119 2631 186 2695 τὴν
209 2641 376 2681 γυναῖκα
402 2637 554 2688 ταύτην,
579 2638 723 2689 μητέρα
749 2636 794 2676 δὲ
818 2638 960 2678 τούτων
986 2651 1068 2691 sqq.
1094 2639 1279 2681 Feminae
1306 2639 1406 2682 duae
1433 2652 1494 2684 res
